@STRING{aaai    = {Proc.~of the Conference on Advancements of Artificial Intelligence (AAAI)} }
@STRING{aaaiold = {Proc.~of the National Conference on Artificial Intelligence (AAAI)} }
@STRING{ac      = {IEEE Trans. on Automatic Control} }
@STRING{acc     = {Proc.~of the IEEE American Control Conference (ACC)} }
@STRING{accv    = {Proc.~of the Asian Conf.~on Computer Vision (ACCV)} }
@STRING{acmcs   = {ACM Computing Surveys} }
@STRING{acmgraphics={ACM Transactions on Graphics} }
@STRING{acra    = {Proc.~of the Australasian Conf.~on Robotics and Automation (ACRA)} }
@STRING{addison = {Addison-Wesley Publishing Inc.} }
@STRING{advancedrobotics={Advanced Robotics} }
@STRING{ai      = {Artificial Intelligence} }
@STRING{ams     = {Proc.~of Autonome Mobile Systeme} }
@STRING{ar      = {Auton. Robot.} }
@STRING{arxiv   = {arXiv preprint} }
@STRING{biosyseng={Biosystems Engineering} }
@STRING{bmvc    = {Proc.~of British Machine Vision Conference (BMVC)} }
@STRING{cacm    = {Communications of the ACM} }
@STRING{ccvw    = {Proc.~of the Croation Computer Vision Workshop (CCVW)} }
@STRING{cea     = {Computers and Electronics in Agriculture} }
@STRING{cigr    = {Proc.~of the International Conf.~of Agricultural Engineering (CIGR)} }
@STRING{cira    = {Proc.~of the IEEE Intl.~Symp. on Computer Intelligence in Robotics and Automation (CIRA)} }
@STRING{cogsys  = {Proc.~of the Intl.~Conf.~on Cognitive Systems (CogSys)} }
@STRING{crews   = {Proc.~of the SPIE Conf.~on Reconnaissance and Electronic Warfare System} }
@STRING{cvgip   = {Computer vision, graphics, and image processing} }
@STRING{cviu    = {Journal of Computer Vision and Image Understanding (CVIU)} }
@STRING{cvpr    = {IEEE Comput. Soc. Conf. Comput. Vis. Pattern Recognit.} }
@STRING{cvvt    = {Proc.~of the Intl.~Workshop on Computer Vision in Vehicle Technology (CVVT)} }
@STRING{dagm    = {Proc.~of the Symposion of the German Association for Pattern Recognition (DAGM)} }
@STRING{dagstuhl= {Proc.~of the Dagstuhl Seminar} }
@STRING{dgpf    = {Proc.~of the Conf.~of the German Society for Photogrammetry, Remote Sensing and Geoinformation (DGPF)} }
@STRING{eccv    = {Proc.~of the Europ.~Conf.~on Computer Vision (ECCV)} }
@STRING{ecmr    = {Proc.~of the Europ.~Conf.~on Mobile Robotics (ECMR)} }
@STRING{emav    = {Proc.~of the European Micro Aerial Vehicle Conference} }
@STRING{esa     = {Expert Systems with Applications} }
@string{etfa    = {Proc.~of the IEEE Int.~Conf.~on Emerging Technologies Factory Automation (ETFA)} }
@STRING{euros   = {Proc.~of the Europ.~Robotics Symp. (EUROS)} }
@STRING{fntr    = {Foundations and Trends in Robotics} }
@STRING{gcpr    = {Proc.~of the German Conf.~on Pattern Recognition (GCPR)} }
@STRING{grsl    = {IEEE Geoscience and Remote Sensing Letters} }
@STRING{humanoids={Proc.~of the IEEE Intl.~Conf.~on Humanoid Robots} }
@STRING{ias     = {Proc. of Int.~Conf.~on Intelligent Autonomous Systems (IAS)} }
@STRING{icar    = {Proc.~of the Int.~Conf.~on Advanced Robotics (ICAR)} }
@STRING{iccv    = {IEEE Int. Conf. Comput. Vis.} }
@STRING{iccvws  = {Proc.~of the Int.~Conf.~on Computer Vision (ICCV) Workshops} }
@STRING{iciap   = {Proc.~of the Intl.~Conf.~on Image Analysis and Processing (ICIAP)} }
@STRING{icif    = {Proc.~of the Int.~Conf.~on Information Fusion} }
@STRING{icip    = {Proc.~of the IEEE Intl.~Conf.~on Image Processing (ICIP)} }
@STRING{ijsip   = {Int. Journal of Signal Processing, Image Processing and Pattern Recognition} }
@STRING{iclr    = {Proc.~of the Int.~Conf.~on Learning Representations (ICLR)}}
@STRING{icpr    = {Proc.~of the Intl.~Conf.~on Pattern Recognition (ICPR)} }
@STRING{icra    = {IEEE Int.~Conf.~Robot.~Autom.} }
@STRING{icuas   = {Proc.~of the Intl.~Conf.~on Unmanned Aircraft Systems (ICUAS)} }
@STRING{ieeepress={IEEE Computer Society Press} }
@STRING{ijars   = {Intl.~Journal of Advanced Robotic Systems} }
@STRING{ijcai   = {Proc.~of the Intl.~Conf.~on Artificial Intelligence (IJCAI)} }
@STRING{ijcv    = {Intl.~Journal~of Computer Vision (IJCV)} }
@STRING{ijgi    = {Intl.~Journal of Geo-Information} }
@STRING{ijhr    = {The Int.~Journal of Humanoid Robotics (IJHR)} }
@STRING{ijrr    = {Int. J. Rob. Res.} }
@STRING{imvip   = {Proc.~of the Irish Machine Vision and Image Processing Conference (IMVIP)} }
@STRING{iros    = {IEEE/RSJ Int. Conf. Intell. Robots Syst.} }
@STRING{iser    = {Proc.~of the Intl.~Sym.~on Experimental Robotics (ISER)} }
@STRING{ismar   = {Proc.~of the Intl.~Symposium~on Mixed and Augmented Reality (ISMAR)} }
@STRING{isprsannals={ISPRS Annals of the Photogrammetry, Remote Sensing and Spatial Information Sciences} }
@STRING{isprsarchives={ISPRS Archives of the Photogrammetry, Remote Sensing and Spatial Information Sciences} }
@STRING{isrr    = {Proc.~of the Intl.~Symposium~on Robotic Research (ISRR)} }
@STRING{iv      = {Proc.~of the IEEE Vehicles Symposium (IV)} }
@STRING{ivc     = {Journal on Image and Vision Computing (IVC)} }
@STRING{jaer    = {Journal of Agricultural Engineering Research} }
@STRING{jair    = {Journal of Artificial Intelligence Research (JAIR)} }
@STRING{jbe     = {ASME Journal of Basic Engineering} }
@STRING{jfr     = {Journal of Field Robotics (JFR)} }
@STRING{jirs    = {Journal of Intelligent and Robotic Systems (JIRS)} }
@STRING{jmiv    = {Journal of Mathematical Imaging and Vision} }
@STRING{jmlr = {Journal on Machine Learning Research~(JMLR)}}
@STRING{joe     = {IEEE Journal of Oceanic Engineering} }
@STRING{jprs    = {ISPRS Journal of Photogrammetry and Remote Sensing (JPRS)} }
@STRING{jra     = {IEEE Journal of Robotics and Automation} }
@STRING{jras    = {Journal on Robotics and Autonomous Systems (RAS)} }
@STRING{jvcir   = {Journal of Visual Communication and Image Representation~(JVCIR)} }
@STRING{mcg     = {Proc.~of the Intl.~Conf.~on Machine Control and Guidance (MCG)} }
@STRING{mirage  = {Proc.~of the Intl.~Conf.~on Computer Vision/Computer Graphics Collaboration Techniques and Applications (MIRAGE)} }
@STRING{mitpress= {MIT Press} }
@STRING{mor     = {Mathematics of Operations Research} }
@STRING{ml      = {Machine Learning} }
@STRING{mobicom = {Proc.~of the {ACM} Intl.~Conf.~on Mobile Computing and Networking (MobiCom)} }
@STRING{mva     = {Proc.~of the IAPR Conf.~on Machine Vision Applications (MVA)} }
@STRING{nips    = {Proc.~of the Advances in Neural Information Processing Systems (NIPS)} }
@STRING{oceans  = {Proc.~of OCEANS MTS/IEEE Conference and Exhibition} }
@STRING{paa     = {Pattern Analysis and Applications} }
@STRING{pagri   = {Precision Agriculture} }
@STRING{pcv     = {Proc.~of the ISPRS Conference on Photogrammeric Computer Vision (PCV)} }
@STRING{pers    = {Photogrammetric Engineering and Remote Sensing (PE\&RS)} }
@STRING{pfg     = {Photogrammetrie -- Fernerkundung -- Geoinformation (PFG)} }
@STRING{phowo   = {Proc.~of the Photogrammetric Week (PhoWo)} }
@STRING{pia     = {Proc.~of the ISPRS Conference on Photogrammeric Image Analysis (PIA)} }
@STRING{pieee   = {Proceedings of the IEEE} }
@STRING{pr      = {Pattern Recognition} }
@STRING{prl     = {Pattern Recognition Letters} }
@STRING{ral     = {IEEE Robot. Autom. Lett.} }
@STRING{ram     = {IEEE Robotics and Automation Magazine (RAM)} }
@STRING{ras     = {Robot. Auton. Syst.} }
@STRING{rasmag  = {IEEE Robotics and Automation Magazine} }
@STRING{rs      = {Remote Sensing} }
@STRING{rss     = {Proc.~of Robotics: Science and Systems (RSS)} }
@STRING{rssbook = {Robotics: Science and Systems} }
@STRING{scia    = {Proc.~of the Scandinavian Conference on Image Analysis} }
@STRING{sensors = {IEEE Sensors Journal} }
@STRING{sice    = {Proc.~of the Annual Conference of the Society of Instrument and Control Engineers (SICE)} }
@STRING{smc     = {Proc.~of the IEEE Intl.~Conf.~on Systems, Man, and Cybernetics (SMC)} }
@STRING{snowbird= {Proc.~of the Learning Workshop (Snowbird)} }
@STRING{soave   = {Proc.~of the Workshop on Self-Organization of AdaptiVE behavior (SOAVE)} }
@STRING{spiesdvrs={Proc.~of SPIE Stereoscopic Displays and Virtual Reality Systems} }
@STRING{spiev   = {Proc.~of SPIE Videometrics} }
@STRING{springer= {Springer Verlag} }
@STRING{springerstaradvanced={STAR Springer Tracts in Advanced Robotics} }
@STRING{tarj    = {The Australian Rangeland Journal} }
@STRING{threedv = {Proc.~of the Intl.~Conf.~on 3D Vision (3DV)} }
@STRING{tip     = {IEEE Trans.~on Image Processing} }
@STRING{tits    = {IEEE Trans.~on Intelligent Transportation Systems (ITS)} }
@STRING{tiv     = {IEEE Trans.~on Intelligent Vehicles} }
@STRING{titsmag = {IEEE Trans.~on Intelligent Transportation Systems Magazine} }
@STRING{tog     = {ACM Trans.~on Graphics (TOG)} }
@STRING{pami   = {IEEE Trans. Pattern Anal. Mach. Intell.} }
@STRING{tra     = {IEEE Trans.~on Robotics and Automation} }
@STRING{tro     = {IEEE Trans. Robot.} }
@STRING{uai     = {Proc.~of the Conf.~on Uncertainty in Artificial Intelligence (UAI)} }
@STRING{uavg    = {Proc.~of the Intl.~Conf.~on Unmanned Aerial Vehicles in Geomatics} }
@STRING{uust    = {Proc.~of the Intl.~Symp.~on Unmanned Untethered Submersible Technology} }
@STRING{vc      = {The Visual Computer (VC)} }
@STRING{wacv    = {IEEE Winter Conf. Appl. Comput. Vis.} }
@STRING{wafr    = {Intl.~Workshop on the Algorithmic Foundations of Robotics (WAFR)} }
@STRING{agsys    = {Agricultural Systems} }
@STRING{plantphysiology = {Plant Physiology} }
@STRING{plosone = {PLOS ONE} }
@STRING{siggraph    = {Proc.~of the Intl.~Conf.~on Computer Graphics and Interactive Techniques (SIGGRAPH)} }
@STRING{tvcg     = {IEEE Trans.~on Visualization and Computer Graphics} }
@STRING{vmv     = {Proc.~of Vision, Modeling, Visualization (VMV)} }
@STRING{icml    = {Proc.~of the Int.~Conf.~on Machine Learning (ICML)} }
@STRING{acmsuist={ACM Symposium on User Interface Software and Technology} }
@STRING{neuroc = {Neurocomputing}}
@STRING{tgrs = {IEEE Trans.~on Geoscience and Remote Sensing}}
@STRING{ssns = {Sensors, Systems, and Next-Generation Satellites}}
@STRING{m2rsm = {Proc.~of the IEEE Intl.~Workshop on Multi-Platform/Multi-Sensor Remote Sensing and Mapping}}
@STRING{ijrs = {International Journal of Remote Sensing}}
@STRING{wcica     = {Proc.~of the World Congress on Intelligent Control and Automation} }
@STRING{ijabe     = {Int.~J.~Agric \& Biol.~Eng.} }
@STRING{bmcbio = {BMC Bioinformatics} }
@STRING{npl = {Neural processing letters} }
@STRING{annurevcontrol = {Annual Review of Control, Robotics, and Autonomous Systems} }
@STRING{fps = {Frontiers in plant science} }
@STRING{nrlq = {Naval research logistics quarterly} } 
@STRING{cob = {Current opinion in biotechnology}}
@STRING{arpb = {Annual review of plant biology}}

# WildPlace 
Here is the list with only essential information (authors, journal/booktitle, year, title):

@inproceedings{knights2023icra,
title={{Wild-Places: A Large-Scale Dataset for Lidar Place Recognition in Unstructured Natural Environments}},
author={Knights, Joshua and Vidanapathirana et al. ,Kavisha },
booktitle=icra,
year={2023},
}

@inproceedings{triest2022icra,
title={Tartandrive: A large-scale dataset for learning off-road dynamics models},
author={Triest, Samuel and Sivaprakasam et al., Matthew },
booktitle=icra,
year={2022},
}

@article{maddern2017ijrr,
title={1 year, 1000 km: The Oxford RobotCar Dataset},
author={Maddern, Will and Pascoe, Geoffrey and Linegar, Chris and Newman, Paul},
journal=ijrr,
year={2017},
}

@inproceedings{kim2020icra,
author={Kim, Giseop and Park, Yeong Sang and Cho, Younghun and Jeong, Jinyong and Kim, Ayoung},
booktitle=icra,
title={{MulRan: Multimodal Range Dataset for Urban Place Recognition}},
year={2020},
}

@inproceedings{vidanapathirana2022icra,
title={{LoGG3D-Net: Locally guided global descriptor learning for 3D place recognition}},
author={Vidanapathirana et al., Kavisha },
booktitle=icra,
year={2022},
}

@inproceedings{kim2018iros,
title={Scan context: Egocentric spatial descriptor for place recognition within 3d point cloud map},
author={Kim, Giseop and Kim, Ayoung},
booktitle=iros,
year={2018},
}

@ARTICLE{kim2021tro,
title={{Scan Context++: Structural Place Recognition Robust to Rotation and Lateral Variations in Urban Environments}},
author={Kim, Giseop and Choi, Sunwook and Kim, Ayoung},
journal=tro,
year={2021},
}

@inproceedings{yuan2023icra,
title={{STD: Stable Triangle Descriptor for 3D place recognition}},
author={Yuan, Chongjian and Lin et al.},
booktitle=icra,
year={2023},
}

@INPROCEEDINGS{tinchev2018iros,
author={Tinchev, Georgi and Nobili, Simona and Fallon, Maurice},
booktitle=iros,
title={Seeing the Wood for the Trees: Reliable Localization in Urban and Natural Environments},
year={2018},
}

@inproceedings{zhang2019cvpr,
title={{PCAN: 3D attention map learning using contextual information for point cloud based retrieval}},
author={Zhang, Wenxiao and Xiao, Chunxia},
booktitle=cvpr,
year={2019},
}

@inproceedings{xia2021cvpr,
author={Xia, Yan and Xu et al., Yusheng },
title={{SOE-Net: A Self-Attention and Orientation Encoding Network for Point Cloud Based Place Recognition}},
booktitle=cvpr,
year={2021},
}

@inproceedings{zhou2021icra,
author={Zhou, Zhicheng and Zhao et al., Cheng  },
booktitle=icra,
title={{NDT-Transformer: Large-Scale 3D Point Cloud Localisation using the Normal Distribution Transform Representation}},
year={2021},
}

@article{xu2021transloc3d,
title={{TransLoc3D: Point cloud based large-scale place recognition using adaptive receptive fields}},
author={Xu, Tian-Xing and Guo, Yuan-Chen and Li, Zhiqiang and Yu, Ge and Lai, Yu-Kun and Zhang, Song-Hai},
journal=arxiv,
year={2021},
}

@ARTICLE{wisth2023tro,
author={Wisth, David and Camurri, Marco and Fallon, Maurice},
journal=tro,
title={{VILENS}: Visual, Inertial, Lidar, and Leg Odometry for All-Terrain Legged Robots},
year={2023},
}

@article{proudman2022ras,
title = {Towards real-time forest inventory using handheld LiDAR},
journal = ras,
year = {2022},
author = {Alexander Proudman and Milad Ramezani and Sundara Tejaswi Digumarti and Nived Chebrolu and Maurice Fallon},
}

@article{komorowski2022ral,
author={Komorowski, Jacek and Wysoczanska, Monika and Trzcinski, Tomasz},
journal=ral,
title={EgoNN: Egocentric Neural Network for Point Cloud Based 6DoF Relocalization at the City Scale},
year={2022},
}

@article{vidanapathirana2023ral,
title={Spectral Geometric Verification: Re-Ranking Point Cloud Retrieval for Metric Localization},
author={Vidanapathirana, Kavisha and Moghadam et al., Peyman },
journal=ral,
year={2023},
}

@inproceedings{wang2020icra,
author={Wang, Han and Wang, Chen and Xie, Lihua},
booktitle=icra,
title={Intensity Scan Context: Coding Intensity and Geometry Relations for Loop Closure Detection},
year={2020},
}

@INPROCEEDINGS{li2021iros,
author={Li, Lin and Kong et al., Xin },
booktitle=iros,
title={{SSC}: Semantic Scan Context for Large-Scale Place Recognition},
year={2021},
}

@INPROCEEDINGS{komorowski2021wacv,
author={Komorowski, Jacek},
booktitle=wacv,
title={{MinkLoc3D: Point Cloud Based Large-Scale Place Recognition}},
year={2021},
}

@inproceedings{uy2018cvpr,
title={Pointnetvlad: Deep point cloud based retrieval for large-scale place recognition},
author={Uy, Mikaela Angelina and Lee, Gim Hee},
booktitle=cvpr,
year={2018},
}

@ARTICLE{arandjelovic2018pami,
author={Arandjelović, Relja and Gronat, Petr and Torii, Akihiko and Pajdla, Tomas and Sivic, Josef},
journal=pami,
title={{NetVLAD: CNN Architecture for Weakly Supervised Place Recognition}},
year={2018},
}

@ARTICLE{radenovic2019pami,
author={Radenović, Filip and Tolias, Giorgos and Chum, Ondřej},
journal=pami,
title={{Fine-Tuning CNN Image Retrieval with No Human Annotation}},
year={2019},
}

@article{pomerleau2013iros,
author = {Pomerleau, Fran{\c c}ois and Colas, Francis and Siegwart, Roland and Magnenat, St{\'e}phane},
title = {{Comparing ICP Variants on Real-World Data Sets}},
journal = ar,
year = {2013},
}

@article{fischler1981ransac,
author = {Fischler, Martin A. and Bolles, Robert C.},
title = {Random sample consensus: a paradigm for model fitting with applications to image analysis and automated cartography},
journal = {Commun. ACM},
year = {1981},
}

@inproceedings{vidanapathirana2021icra,
title={Locus: Lidar-based place recognition using spatiotemporal higher-order pooling},
author={Vidanapathirana et al., Kavisha },
booktitle=icra,
year={2021},
}

@article{besl1992icp,
author={Paul J. Besl and Neil D. McKay},
title={A Method for Registration of 3-D Shapes},
journal={{IEEE} Trans. Pattern Anal. Mach. Intell.},
year={1992},
}

@article{dube2018rss,
author={R. Dube et al.},
title={{SegMap: 3D Segment Mapping using Data-Driven Descriptors}},
journal=rss,
year=2018,
}

@InProceedings{dube2017icra,
author={R. Dube et al.},
title={{SegMatch: Segment Based Place Recognition in 3D Point Clouds}},
booktitle=icra,
year=2017,
}

@article{dube2019ijrr,
title={{SegMap: Segment-based mapping and localization using data-driven descriptors}},
author={R. Dube et al.},
journal=ijrr,
year={2019},
}

@article{tinchev2019ral,
title={{Learning to see the wood for the trees: Deep laser localization in urban and natural environments on a CPU}},
author={G. Tinchev and A. Penate-Sanchez and M. Fallon},
journal=ral,
year={2019},
}

@inproceedings{behley2019iccv,
author={J. Behley and M. Garbade et al.},
title={{SemanticKITTI: A Dataset for Semantic Scene Understanding of LiDAR Sequences}},
booktitle=iccv,
year={2019}
}

@article{zhou2018,
author={Qian-Yi Zhou and Jaesik Park and Vladlen Koltun},
title={{Open3D}: {A} Modern Library for {3D} Data Processing},
journal={arXiv:1801.09847},
year={2018},
}

@inproceedings{choy20194cvpr,
title={4D Spatio-Temporal ConvNets: Minkowski Convolutional Neural Networks},
author={Choy  et al., Christopher },
booktitle=cvpr,
year={2019}
}

@inproceedings{tang2023MICRO,
title={TorchSparse++: Efficient Training and Inference Framework for Sparse Convolution on GPUs},
author={Tang, Haotian and Yang et al.},
booktitle=mobicom,
year={2023}
}

@inproceedings{shan2020iros,
title={Lio-sam: Tightly-coupled lidar inertial odometry via smoothing and mapping},
author={Shan et al., Tixiao},
booktitle=iros,
year={2020},
organization={IEEE}
}

@misc{freißmuth2024arxiv,
      title={Online Tree Reconstruction and Forest Inventory on a Mobile Robotic System}, 
      author={Leonard Freißmuth and Matias Mattamala and Nived Chebrolu and Simon Schaefer and Stefan Leutenegger and Maurice Fallon},
      year={2024},
      booktitle={arxiv},
      }