% journals
@string{auro  = "Autonomous Robots"}
@string{fr    = "Field Robotics"}
@string{fsr   = "Field and Service Robotics"}
@string{ijrr  = "Intl. J. of Robot. Res."}
@string{jfr   = "J. Field Robot."}
@string{pnas  = "Proc. of the National Academy of Sciences (PNAS)"}
@string{ral   = "{IEEE} Robot. Autom. Lett. (RA-L)"}
@string{ras   = "Robot. Auton. Syst."}
@string{scirob = "Sci. Robot."}
@string{tro   = "{IEEE} Trans. Robot."}
@string{tra   = "{IEEE} Trans. Robotics and Automation"}

@string{ieee  = "Proc. of the IEEE"}
@string{ac    = "{IEEE} Trans. on Automatic Control"}
@string{joe   = "Journal of Oceanic Engineering"}
@string{ijcv  = "Intl. J. of Computer Vision"}
@string{jbe   = "{ASME} Journal of Basic Engineering"}
@string{cviu  = "Computer Vision and Image Understanding"}
@string{ram   = "{IEEE} Robotics \& Automation Magazine"}
@string{pami  = "{IEEE} Trans. Pattern Anal. Mach. Intell."}
@string{tac   = "{IEEE} Trans. on Automatic Control"}
@string{mtsj  = "Marine Technology Society Journal"}
@string{ijhr  = "Intl. J. of Humanoid Robotics"}


% conferences
@string{aaai  = "AAAI Conf. on Artificial Intelligence"}
@string{accv  = "Asian Conf. on Computer Vision (ACCV)"}
@string{bmvc  = "British Machine Vision Conf. (BMVC)"}
@string{cdc   = "{IEEE} Conf. on Decision and Control (CDC)"}
@string{chi   = "ACM Conf. on Human Factors in Computing Systems (CHI)"}
@string{corl  = "Conf. on Robot Learning (CoRL)"}
@string{cvpr  = "{IEEE} Int. Conf. Computer Vision and Pattern Recognition"}
@string{eccv  = "Eur. Conf. on Computer Vision (ECCV)"}
@string{ecmr  = "European Conference on Mobile Robotics (ECMR)"}
@string{emav  = "European Micro Aerial Vehicle Conference"}
@string{fusion = "Intl. Conf. on Information Fusion (FUSION)"}
@string{hri   = "ACM/IEEE Int. Conf. Hum.-Robot Interact."}
@string{icar  = "IEEE Intl. Conf. on Advanced Robotics (ICAR)"}
@string{iccv  = "Intl. Conf. on Computer Vision (ICCV)"}
@string{ichr  = "IEEE/RSJ Int. Conf. on Humanoid Robots"}
@string{iclr  = "Intl. Conf. on Learning Representations (ICLR)"}
@string{icml  = "Intl. Conf. on Machine Learning (ICML)"}
@string{icpr  = "Intl. Conf. on Pattern Recognition (ICPR)"}
@string{icra  = "IEEE Int. Conf. Robot. Autom. (ICRA)"}
@string{ictdv  = "IEEE Intl. Conf. on 3D Vision"}
@string{ijcai = "Intl. Joint Conf. on Artificial Intelligence"}
@string{iros  = "IEEE/RSJ Intl. Conf. on Intelligent Robots and Systems (IROS)"}
@string{isrr  = "Proc. of the Intl. Symp. of Robotics Research (ISRR)"}
@string{neurips= "Intl. Conf. on Neural Information Processing Systems (NeurIPS)"}
@string{rss   = "Robotics: Science and Systems (RSS)"}
@string{siggraph = "SIGGRAPH"}

% workshops
@string{iser  = "Intl. Sym. on Experimental Robotics (ISER)"}
@string{ismar = "IEEE/ACM Intl. Sym. on Mixed and Augmented Reality (ISMAR)"}


% A
@inproceedings{Abbeel2004,
  author    = {Pieter Abbeel and
               Andrew Y. Ng},
  booktitle = icml,
  doi       = {10.1145/1015330.1015430},
  title     = {Apprenticeship learning via inverse reinforcement learning},
  volume    = {69},
  year      = {2004}
}

@article{Achanta2012,
  author  = {Achanta, Radhakrishna and Shaji, Appu and Smith, Kevin and Lucchi, Aurelien and Fua, Pascal and Süsstrunk, Sabine},
  doi     = {10.1109/TPAMI.2012.120},
  journal = pami,
  number  = {11},
  pages   = {2274-2282},
  title   = {SLIC Superpixels Compared to State-of-the-Art Superpixel Methods},
  volume  = {34},
  year    = {2012}
}

@article{Ackerman2022,
  author  = {Ackerman, Evan},
  journal = {IEEE Spectrum},
  number  = {5},
  pages   = {30-37},
  title   = {{Robots Conquer the Underground: What DARPA's Subterranean Challenge Means for the Future of Autonomous Robots}},
  volume  = {59},
  year    = {2022}
}

@misc{AgilityRobotics,
  author       = {{Agility Robotics}},
  howpublished = {\url{https://agilityrobotics.com/robots}},
  note         = {[Online; accessed 10-Feb-2023]},
  title        = {{Robots}},
  year         = {2023}
}

@inproceedings{Alcantarilla2012,
  author    = {Pablo Fern{\'{a}}ndez Alcantarilla and
               Adrien Bartoli and
               Andrew J. Davison},
  booktitle = eccv,
  doi       = {10.1007/978-3-642-33783-3\_16},
  pages     = {214--227},
  publisher = {Springer},
  title     = {{KAZE} Features},
  volume    = {7577},
  year      = {2012}
}

@inproceedings{Alcantarilla2013,
  author    = {Pablo Fern{\'a}ndez Alcantarilla and Jes{\'u}s Nuevo and Adrien 
               Bartoli},
  booktitle = bmvc,
  doi       = {10.5244/C.27.13},
  title     = {Fast Explicit Diffusion for Accelerated Features in Nonlinear Scale 
               Spaces},
  year      = {2013}
}

@article{Agha2021,
  author     = {Ali Agha and
                Kyohei Otsu and
                Benjamin Morrell and
                David D. Fan and
                Rohan Thakker and
                Angel Santamaria{-}Navarro and
                Sung{-}Kyun Kim and
                Amanda Bouman and
                Xianmei Lei and
                Jeffrey A. Edlund and
                Muhammad Fadhil Ginting and
                Kamak Ebadi and
                Matthew Anderson and
                Torkom Pailevanian and
                Edward Terry and
                Michael T. Wolf and
                Andrea Tagliabue and
                Tiago Stegun Vaquero and
                Matteo Palieri and
                Scott Tepsuporn and
                Yun Chang and
                Arash Kalantari and
                Fernando Chavez and
                Brett Thomas Lopez and
                Nobuhiro Funabiki and
                Gregory Miles and
                Thomas Touma and
                Alessandro Buscicchio and
                Jesus Tordesillas and
                Nikhilesh Alatur and
                Jeremy Nash and
                William Walsh and
                Sunggoo Jung and
                Hanseob Lee and
                Christoforos Kanellakis and
                John Mayo and
                Scott Harper and
                Marcel Kaufmann and
                Anushri Dixit and
                Gustavo Correa and
                Carlyn Lee and
                Jay Gao and
                Gene Merewether and
                Jairo Maldonado{-}Contreras and
                Gautam Salhotra and
                Ma{\'{\i}}ra Saboia da Silva and
                Benjamin Ramtoula and
                Yuki Kubo and
                Seyed Abolfazl Fakoorian and
                Alexander Hatteland and
                Taeyeon Kim and
                Tara Bartlett and
                Alex Stephens and
                Leon Kim and
                Chuck Bergh and
                Eric Heiden and
                Thomas Lew and
                Abhishek Cauligi and
                Tristan Heywood and
                Andrew Kramer and
                Henry A. Leopold and
                Hyungho Chris Choi and
                Shreyansh Daftry and
                Olivier Toupet and
                Inhwan Wee and
                Abhishek Thakur and
                Micah Feras and
                Giovanni Beltrame and
                George Nikolakopoulos and
                David Hyunchul Shim and
                Luca Carlone and
                Joel Burdick},
  eprint     = {2103.11470},
  eprinttype = {arXiv},
  journal    = {CoRR},
  title      = {NeBula: Quest for Robotic Autonomy in Challenging Environments; {TEAM}
                CoSTAR at the {DARPA} Subterranean Challenge},
  volume     = {abs/2103.11470},
  year       = {2021}
}


@article{Alfaro-Sanchez2020,
  abstract = {During the past decades, a multitude of oak stands have spontaneously established across the pine-dominated landscapes of the French Landes de Gascogne. Yet their future performance under modern climate change is unknown. We show that coppiced, dominant trees are most prepared to cope with drought episodes, displaying higher basal area increment and lower sensitivity to extreme events.},
  author   = {Alfaro-S{\'a}nchez, Raquel and Vald{\'e}s-Correcher, Elena and Espelta, Josep Maria and Hampe, Arndt and Bert, Didier},
  doi      = {10.1007/s13595-020-00949-x},
  id       = {Alfaro-S{\'a}nchez2020},
  isbn     = {1297-966X},
  journal  = {Annals of Forest Science},
  number   = {2},
  pages    = {49},
  title    = {How do social status and tree architecture influence radial growth, wood density and drought response in spontaneously established oak forests?},
  volume   = {77},
  year     = {2020}
}


@article{Almeida2020,
  author   = {Almeida, Danilo Roberti Alves and Almeyda Zambrano, Angelica Maria and Broadbent, Eben North and Wendt, Amanda L. and Foster, Paul and Wilkinson, Benjamin E. and Salk, Carl and Papa, Daniel De Almeida and Stark, Scott Christopher and Valbuena, Ruben and Gorgens, Eric Bastos and Silva, Carlos Alberto and Brancalion, Pedro Henrique Santin and Fagan, Matthew and Meli, Paula and Chazdon, Robin},
  doi      = {10.1111/btp.12814},
  issn     = {0006-3606, 1744-7429},
  journal  = {Biotropica},
  language = {en},
  month    = nov,
  number   = {6},
  pages    = {1155--1167},
  title    = {Detecting successional changes in tropical forest structure using {GatorEye} drone‐borne lidar},
  volume   = {52},
  year     = {2020}
}


@misc{Anybotics,
  author       = {ANYbotics},
  howpublished = {\url{https://www.anybotics.com/anymal-autonomous-legged-robot/}},
  note         = {[Online; accessed 10-Feb-2023]},
  title        = {{ANYmal - Autonomous Legged Robot}},
  year         = {2023}
}

@article{Anderson2013a,
  author   = {Anderson, Karen and Gaston, Kevin J},
  doi      = {10.1890/120150},
  issn     = {1540-9309},
  journal  = {Frontiers in Ecology and the Environment},
  language = {en},
  number   = {3},
  pages    = {138--146},
  title    = {Lightweight unmanned aerial vehicles will revolutionize spatial ecology},
  volume   = {11},
  year     = {2013}
}

@inproceedings{Arain2013,
  author    = {Muhammad Asif Arain and
               Ioannis Havoutis and
               Claudio Semini and
               Jonas Buchli and
               Darwin G. Caldwell},
  booktitle = {Workshop on Robot Motion and Control (RoMoCo)},
  doi       = {10.1109/RoMoCo.2013.6614593},
  pages     = {104--109},
  title     = {A comparison of search-based planners for a legged robot},
  year      = {2013}
}

@inproceedings{Arandjelovic2016,
  author    = {Arandjelovic, Relja and Gronat, Petr and Torii, Akihiko and 
               Pajdla, Tomas and Sivic, Josef},
  booktitle = cvpr,
  doi       = {10.1109/CVPR.2016.572},
  pages     = {5297--5307},
  title     = {{NetVLAD}: {CNN} architecture for weakly supervised place 
               recognition},
  year      = {2016}
}

@inproceedings{Arm2022,
  author    = {Arm, Philip and Waibel, Gabriel and Ligeza, Gabriela and Bickel, Valentin and Tranzatto, Marco and Zimmermann, Samuel and Homberger, Timon and Horvath, Lars and Umbers, Hugo and Kehl, Florian and Kolvenbach, Hendrik and Hutter, Marco},
  booktitle = {Symposium on Advanced Space Technologies in Robotics and Automation (ASTRA)},
  doi       = {10.3929/ethz-b-000545465},
  title     = {Results and Lessons Learned from the First Field Trial of the ESA-ESRIC Space Resources Challenge of Team GLIMPSE},
  year      = {2022}
}

@article{Arm2023,
  author  = {Philip Arm  and Gabriel Waibel  and Jan Preisig  and Turcan Tuna  and Ruyi Zhou  and Valentin Bickel  and Gabriela Ligeza  and Takahiro Miki  and Florian Kehl  and Hendrik Kolvenbach  and Marco Hutter },
  doi     = {10.1126/scirobotics.ade9548},
  journal = scirob,
  number  = {80},
  pages   = {eade9548},
  title   = {Scientific exploration of challenging planetary analog environments with a team of legged robots},
  volume  = {8},
  year    = {2023}
}


@article{Asada2019,
  author  = {Minoru Asada and
             Peter Stone and
             Manuela Veloso and
             Daniel D. Lee and
             Daniele Nardi},
  doi     = {10.1109/MRA.2019.2928959},
  journal = ram,
  number  = {3},
  pages   = {99--102},
  title   = {RoboCup: {A} Treasure Trove of Rich Diversity for Research Issues
             and Interdisciplinary Connections {[TC} Spotlight]},
  volume  = {26},
  year    = {2019}
}

@article{Asner2017a,
  author   = {Asner, G. P. and Martin, R. E. and Knapp, D. E. and Tupayachi, R. and Anderson, C. B. and Sinca, F. and Vaughn, N. R. and Llactayo, W.},
  doi      = {10.1126/science.aaj1987},
  issn     = {0036-8075, 1095-9203},
  journal  = {Science},
  language = {en},
  month    = jan,
  number   = {6323},
  pages    = {385--389},
  title    = {Airborne laser-guided imaging spectroscopy to map forest trait diversity and guide conservation},
  volume   = {355},
  year     = {2017}
}

@inbook{Atkeson2018,
  author    = {Atkeson, Christopher G.
               and Benzun, P. W. Babu
               and Banerjee, Nandan
               and Berenson, Dmitry
               and Bove, Christoper P.
               and Cui, Xiongyi
               and DeDonato, Mathew
               and Du, Ruixiang
               and Feng, Siyuan
               and Franklin, Perry
               and Gennert, M.
               and Graff, Joshua P.
               and He, Peng
               and Jaeger, Aaron
               and Kim, Joohyung
               and Knoedler, Kevin
               and Li, Lening
               and Liu, Chenggang
               and Long, Xianchao
               and Padir, T.
               and Polido, Felipe
               and Tighe, G. G.
               and Xinjilefu, X.},
  booktitle = {The DARPA Robotics Challenge Finals: Humanoid Robots To The Rescue},
  doi       = {10.1007/978-3-319-74666-1_17},
  editor    = {Spenko, Matthew
               and Buerger, Stephen
               and Iagnemma, Karl},
  isbn      = {978-3-319-74666-1},
  pages     = {667--684},
  publisher = {Springer International Publishing},
  title     = {What Happened at the DARPA Robotics Challenge Finals},
  year      = {2018}
}

@article{Aucone2023,
  author  = {Emanuele Aucone and Steffen Kirchgeorg  and Alice Valentini  and Lo{\"i}c Pellissier  and Kristy Deiner  and Stefano Mintchev },
  doi     = {10.1126/scirobotics.add5762},
  journal = scirob,
  number  = {74},
  pages   = {eadd5762},
  title   = {Drone-assisted collection of environmental DNA from tree branches for biodiversity monitoring},
  volume  = {8},
  year    = {2023}
}

% B
@article{Bajcsy2018,
  author  = {Ruzena Bajcsy and
             Yiannis Aloimonos and
             John K. Tsotsos},
  doi     = {10.1007/s10514-017-9615-3},
  journal = auro,
  number  = {2},
  pages   = {177--196},
  title   = {Revisiting active perception},
  volume  = {42},
  year    = {2018}
}

@article{Bajracharya2009,
  author  = {Bajracharya, Max and Howard, Andrew and Matthies, Larry H. and Tang, Benyang and Turmon, Michael},
  doi     = {10.1002/rob.20269},
  journal = jfr,
  number  = {1},
  pages   = {3-25},
  title   = {Autonomous off-road navigation with end-to-end learning for the LAGR program},
  volume  = {26},
  year    = {2009}
}

@inproceedings{Bajracharya2013,
  author    = {Max Bajracharya and
               Jeremy Ma and
               Matthew Malchano and
               Alex Perkins and
               Alfred A. Rizzi and
               Larry H. Matthies},
  booktitle = iros,
  doi       = {10.1109/IROS.2013.6696879},
  pages     = {3663--3670},
  title     = {High fidelity day/night stereo mapping with vegetation and negative
               obstacle detection for vision-in-the-loop walking},
  year      = {2013}
}

@article{Banino2018,
  author  = {Andrea Banino and
             Caswell Barry and
             Benigno Uria and
             Charles Blundell and
             Timothy P. Lillicrap and
             Piotr Mirowski and
             Alexander Pritzel and
             Martin J. Chadwick and
             Thomas Degris and
             Joseph Modayil and
             Greg Wayne and
             Hubert Soyer and
             Fabio Viola and
             Brian Zhang and
             Ross Goroshin and
             Neil C. Rabinowitz and
             Razvan Pascanu and
             Charlie Beattie and
             Stig Petersen and
             Amir Sadik and
             Stephen Gaffney and
             Helen King and
             Koray Kavukcuoglu and
             Demis Hassabis and
             Raia Hadsell and
             Dharshan Kumaran},
  doi     = {10.1038/s41586-018-0102-6},
  journal = {Nature},
  number  = {7705},
  pages   = {429--433},
  title   = {{Vector-based navigation using grid-like representations in artificial agents}},
  volume  = {557},
  year    = {2018}
}

@book{Barfoot2017,
  author    = {Barfoot, T.D.},
  isbn      = {9781108509718},
  publisher = {Cambridge University Press},
  title     = {State Estimation for Robotics},
  year      = {2017}
}

@inproceedings{Barron2019,
  author    = {Barron, Jonathan T.},
  booktitle = cvpr,
  pages     = {4331--4339},
  title     = {A {General} and {Adaptive} {Robust} {Loss} {Function}},
  year      = {2019}
}

@inproceedings{Bay2006,
  author    = {Herbert Bay and
               Tinne Tuytelaars and
               Luc Van Gool},
  booktitle = eccv,
  doi       = {10.1007/11744023\_32},
  pages     = {404--417},
  title     = {{SURF:} Speeded Up Robust Features},
  volume    = {3951},
  year      = {2006}
}

@article{Belter2019,
  author  = {Dominik Belter and
             Jan Wietrzykowski and
             Piotr Skrzypczynski},
  doi     = {10.1007/S10846-018-0865-X},
  journal = {J. Intell. Robotic Syst.},
  number  = {3-4},
  pages   = {723--743},
  title   = {Employing Natural Terrain Semantics in Motion Planning for a Multi-Legged
             Robot},
  volume  = {93},
  year    = {2019}
}

@inproceedings{Berczi2017,
  author    = {Laszlo{-}Peter Berczi and
               Timothy D. Barfoot},
  booktitle = iros,
  doi       = {10.1109/IROS.2017.8206243},
  pages     = {3918--3925},
  title     = {Looking high and low: Learning place-dependent Gaussian mixture height
               models for terrain assessment},
  year      = {2017}
}

@article{Besl1992,
  author  = {Paul J. Besl and
             Neil D. McKay},
  doi     = {10.1109/34.121791},
  journal = {{IEEE} Trans. Pattern Anal. Mach. Intell.},
  number  = {2},
  pages   = {239--256},
  title   = {A Method for Registration of 3-D Shapes},
  volume  = {14},
  year    = {1992}
}

@inproceedings{Bircher2016,
  author    = {Bircher, Andreas and Kamel, Mina and Alexis, Kostas and Oleynikova, Helen and Siegwart, Roland},
  booktitle = icra,
  doi       = {10.1109/ICRA.2016.7487281},
  number    = {},
  pages     = {1462-1468},
  title     = {Receding Horizon "Next-Best-View" Planner for 3D Exploration},
  volume    = {},
  year      = {2016}
}


@book{Bishop2006,
  address   = {Berlin, Heidelberg},
  author    = {Bishop, Christopher M.},
  isbn      = {0387310738},
  publisher = {Springer-Verlag},
  title     = {Pattern Recognition and Machine Learning},
  year      = {2006}
}

@inproceedings{Bloesch2012,
  author    = {Bloesch, Michael and Hutter, Marco and Hoepflinger, Mark A and Leutenegger, Stefan and Gehring, Christian and Remy, C David and Siegwart, Roland},
  booktitle = rss,
  doi       = {10.15607/RSS.2012.VIII.003},
  title     = {State Estimation for Legged Robots - Consistent Fusion of Leg Kinematics and IMU},
  year      = {2012}
}

@article{Bloesch2017,
  author  = {Bloesch, Michael and Burri, Michael and Sommer, Hannes and Siegwart, Roland and Hutter, Marco},
  doi     = {10.1109/LRA.2017.2776340},
  journal = ral,
  number  = {1},
  pages   = {573--580},
  title   = {The Two-State Implicit Filter: Recursive Estimation for Mobile Robots},
  volume  = {3},
  year    = {2018}
}

@article{Bommasani2021,
  author     = {Rishi Bommasani and
                Drew A. Hudson and
                Ehsan Adeli and
                Russ B. Altman and
                Simran Arora and
                Sydney von Arx and
                Michael S. Bernstein and
                Jeannette Bohg and
                Antoine Bosselut and
                Emma Brunskill and
                Erik Brynjolfsson and
                Shyamal Buch and
                Dallas Card and
                Rodrigo Castellon and
                Niladri S. Chatterji and
                Annie S. Chen and
                Kathleen Creel and
                Jared Quincy Davis and
                Dorottya Demszky and
                Chris Donahue and
                Moussa Doumbouya and
                Esin Durmus and
                Stefano Ermon and
                John Etchemendy and
                Kawin Ethayarajh and
                Li Fei{-}Fei and
                Chelsea Finn and
                Trevor Gale and
                Lauren Gillespie and
                Karan Goel and
                Noah D. Goodman and
                Shelby Grossman and
                Neel Guha and
                Tatsunori Hashimoto and
                Peter Henderson and
                John Hewitt and
                Daniel E. Ho and
                Jenny Hong and
                Kyle Hsu and
                Jing Huang and
                Thomas Icard and
                Saahil Jain and
                Dan Jurafsky and
                Pratyusha Kalluri and
                Siddharth Karamcheti and
                Geoff Keeling and
                Fereshte Khani and
                Omar Khattab and
                Pang Wei Koh and
                Mark S. Krass and
                Ranjay Krishna and
                Rohith Kuditipudi and
                et al.},
  eprint     = {2108.07258},
  eprinttype = {arXiv},
  journal    = {CoRR},
  title      = {On the Opportunities and Risks of Foundation Models},
  volume     = {abs/2108.07258},
  year       = {2021}
}

@inproceedings{Booij2007,
  author    = {Olaf Booij and
               Bas Terwijn and
               Zoran Zivkovic and
               Ben J. A. Kr{\"{o}}se},
  booktitle = icra,
  doi       = {10.1109/ROBOT.2007.364081},
  pages     = {3927--3932},
  title     = {Navigation using an appearance based topological map},
  year      = {2007}
}

@article{Borges2022,
  author    = {Borges, Paulo and Peynot, Thierry and Liang, Sisi and Arain, Bilal and Wildie, Matthew and Minareci, Melih and Lichman, Serge and Samvedi, Garima and Sa, Inkyu and Hudson, Nicolas and others},
  journal   = fr,
  number    = {1},
  pages     = {1567--1627},
  publisher = {Field Robotics Publication Society},
  title     = {A Survey on Terrain Traversability Analysis for Autonomous Ground Vehicles: Methods, Sensors, and Challenges},
  volume    = {2},
  year      = {2022}
}

@misc{BostonDynamics,
  author       = {{Boston Dynamics}},
  howpublished = {\url{https://www.bostondynamics.com/products/spot}},
  note         = {[Online; accessed 10-Feb-2023]},
  title        = {{Spot \textregistered - The Agile Mobile Robot}},
  year         = {2023}
}

@misc{BostonDynamicsAutowalk,
  author       = {Boston Dynamics},
  howpublished = {\url{https://support.bostondynamics.com/s/article/Getting-Started-with-Autowalk}},
  note         = {[Online; accessed 15-Jun-2023]},
  title        = {{Getting Started with Autowalk}}
}

@techreport{Brack2001,
  author      = {Brack, Christopher L.},
  institution = {Australian National University},
  title       = {Forest Measurement and Modeling - Measuring trees, stands and forests for effective forest management},
  url         = {http://fennerschool-associated.anu.edu.au/mensuration/index.htm},
  year        = {2001}
}

@inproceedings{Bradley2015,
  author    = {Bradley, David M. and Chang, Jonathan K. and Silver, David and Powers, Matthew and Herman, Herman and Rander, Peter and Stentz, Anthony},
  booktitle = iros,
  doi       = {10.1109/IROS.2015.7353514},
  pages     = {1144-1151},
  title     = {Scene understanding for a high-mobility walking robot},
  year      = {2015}
}

@article{Brandao2020,
  author  = {Brand{\~a}o, Martim and Aladag, Omer Burak and Havoutis, Ioannis},
  doi     = {10.1109/LRA.2020.2979628},
  journal = ral,
  number  = {2},
  pages   = {3596-3603},
  title   = {GaitMesh: Controller-Aware Navigation Meshes for Long-Range Legged 
             Locomotion Planning in Multi-Layered Environments},
  volume  = {5},
  year    = {2020}
}

@inproceedings{Brooks1985,
  author    = {Rodney A. Brooks},
  booktitle = icra,
  doi       = {10.1109/ROBOT.1985.1087348},
  pages     = {824--829},
  title     = {Visual map making for a mobile robot},
  year      = {1985}
}

@article{Brooks1986,
  author  = {Rodney A. Brooks},
  doi     = {10.1109/JRA.1986.1087032},
  journal = {{IEEE} J. Robotics Autom.},
  number  = {1},
  pages   = {14--23},
  title   = {A robust layered control system for a mobile robot},
  volume  = {2},
  year    = {1986}
}

@article{Brown1966,
  author  = {Brown, Duane C},
  journal = { Photogrammetric Engineering},
  number  = {3},
  pages   = {444--462},
  title   = {Decentering distortion of lenses},
  volume  = {32},
  year    = {1966}
}

@article{Buchanan2019,
  author  = {Russell Buchanan and
             Tirthankar Bandyopadhyay and
             Marko Bjelonic and
             Lorenz Wellhausen and
             Marco Hutter and
             Navinda Kottege},
  doi     = {10.1109/LRA.2019.2899664},
  journal = ral,
  number  = {2},
  pages   = {2148--2155},
  title   = {Walking Posture Adaptation for Legged Robot Navigation in Confined
             Spaces},
  volume  = {4},
  year    = {2019}
}

@inproceedings{Buchanan2020,
  author    = {Russell Buchanan and
               Marco Camurri and
               Maurice F. Fallon},
  booktitle = iros,
  doi       = {10.1109/IROS45743.2020.9341128},
  pages     = {3657--3663},
  title     = {Haptic Sequential Monte Carlo Localization for Quadrupedal Locomotion
               in Vision-Denied Scenarios},
  year      = {2020}
}

@article{Buchanan2021,
  author  = {Buchanan, Russell and Wellhausen, Lorenz and Bjelonic, Marko and 
             Bandyopadhyay, Tirthankar and Kottege, Navinda and Hutter, Marco},
  doi     = {10.1002/rob.21974},
  journal = jfr,
  number  = {1},
  pages   = {68--84},
  title   = {{Perceptive whole-body planning for multilegged robots in confined spaces}},
  volume  = {38},
  year    = {2021}
}

@incollection{Burgard2016,
  author    = {Wolfram Burgard and
               Martial Hebert and
               Maren Bennewitz},
  booktitle = {Springer Handbook of Robotics},
  doi       = {10.1007/978-3-319-32552-1\_45},
  editor    = {Bruno Siciliano and
               Oussama Khatib},
  pages     = {1135--1152},
  publisher = {Springer},
  series    = {Springer Handbooks},
  title     = {World Modeling},
  year      = {2016}
}

@inproceedings{Bylard2021,
  author    = {Andrew Bylard and
               Riccardo Bonalli and
               Marco Pavone},
  booktitle = icra,
  doi       = {10.1109/ICRA48506.2021.9561320},
  pages     = {7464--7470},
  title     = {Composable Geometric Motion Policies using Multi-Task Pullback Bundle
               Dynamical Systems},
  year      = {2021}
}

% C
@article{Calleja-Huerta2023,
  author   = {Calleja-Huerta, A. and Lamandé, M. and Green, O. and Munkholm, L.J.},
  doi      = {10.1016/j.still.2023.105790},
  issn     = {01671987},
  journal  = {Soil and Tillage Research},
  language = {en},
  month    = sep,
  pages    = {105790},
  title    = {Vertical and horizontal stresses from a lightweight autonomous field robot during repeated wheeling},
  volume   = {233},
  year     = {2023}
}


@inproceedings{Campello2013,
  address   = {Berlin, Heidelberg},
  author    = {Campello, Ricardo J. G. B. and Moulavi, Davoud and Sander, Joerg},
  booktitle = {Advances in {Knowledge} {Discovery} and {Data} {Mining}},
  doi       = {10.1007/978-3-642-37456-2_14},
  editor    = {Pei, Jian and Tseng, Vincent S. and Cao, Longbing and Motoda, Hiroshi and Xu, Guandong},
  isbn      = {978-3-642-37456-2},
  language  = {en},
  pages     = {160--172},
  publisher = {Springer},
  series    = {Lecture {Notes} in {Computer} {Science}},
  title     = {Density-{Based} {Clustering} {Based} on {Hierarchical} {Density} {Estimates}},
  year      = {2013}
}

@article{Camurri2017,
  author  = {Marco Camurri and
             Maurice F. Fallon and
             St{\'{e}}phane Bazeille and
             Andreea Radulescu and
             Victor Barasuol and
             Darwin G. Caldwell and
             Claudio Semini},
  doi     = {10.1109/LRA.2017.2652491},
  journal = ral,
  number  = {2},
  pages   = {1023--1030},
  title   = {Probabilistic Contact Estimation and Impact Detection for State Estimation
             of Quadruped Robots},
  volume  = {2},
  year    = {2017}
}


@inproceedings{Cao2022,
  author    = {Cao, Chao and Zhu, Hongbiao and Yang, Fan and Xia, Yukun and Choset, Howie and Oh, Jean and Zhang, Ji},
  booktitle = icra,
  doi       = {10.1109/ICRA46639.2022.9812330},
  numpages  = {8},
  pages     = {8921–8928},
  title     = {Autonomous Exploration Development Environment and the Planning Algorithms},
  year      = {2022}
}

@article{Carlone23,
  author  = {Luca Carlone},
  doi     = {10.1561/2300000077},
  journal = {Found. Trends Robotics},
  number  = {2-3},
  pages   = {90--224},
  title   = {Estimation Contracts for Outlier-Robust Geometric Perception},
  volume  = {11},
  year    = {2023}
}


@article{Chen2020,
  author  = {Chen, Steven W. and Nardari, Guilherme V. and Lee, Elijah S. and Qu, Chao and Liu, Xu and Romero, Roseli Ap. Francelin and Kumar, Vijay},
  doi     = {10.1109/LRA.2019.2963823},
  journal = ral,
  number  = {2},
  pages   = {612-619},
  title   = {SLOAM: Semantic Lidar Odometry and Mapping for Forest Inventory},
  volume  = {5},
  year    = {2020}
}


@article{Calinon2020,
  author  = {Calinon, Sylvain},
  doi     = {10.1109/MRA.2020.2980548},
  journal = ram,
  number  = {2},
  pages   = {33-45},
  title   = {Gaussians on Riemannian Manifolds: Applications for Robot Learning and Adaptive Control},
  volume  = {27},
  year    = {2020}
}

@article{Campos2021,
  author  = {Carlos Campos and
             Richard Elvira and
             Juan J. G{\'{o}}mez Rodr{\'{\i}}guez and
             Jos{\'{e}} M. M. Montiel and
             Juan D. Tard{\'{o}}s},
  doi     = {10.1109/TRO.2021.3075644},
  journal = tro,
  number  = {6},
  pages   = {1874--1890},
  title   = {{ORB-SLAM3:} An Accurate Open-Source Library for Visual, Visual-Inertial,
             and Multimap {SLAM}},
  volume  = {37},
  year    = {2021}
}

@inproceedings{Caron2021,
  author    = {Caron, Mathilde and Touvron, Hugo and Misra, Ishan and J\'egou, Herv\'e  and Mairal, Julien and Bojanowski, Piotr and Joulin, Armand},
  booktitle = iccv,
  doi       = {10.1109/ICCV48922.2021.00951},
  pages     = {9630--9640},
  title     = {Emerging Properties in Self-Supervised Vision Transformers},
  year      = {2021}
}

@inproceedings{Chatila1985,
  author    = {Raja Chatila and
               Jean{-}Paul Laumond},
  booktitle = icra,
  doi       = {10.1109/ROBOT.1985.1087373},
  pages     = {138--145},
  title     = {Position referencing and consistent world modeling for mobile robots},
  year      = {1985}
}

@article{ChavezGarcia2018,
  author  = {Chavez-Garcia, R. Omar and Guzzi, Jérôme and Gambardella, Luca M. and Giusti, Alessandro},
  doi     = {10.1109/LRA.2018.2801794},
  journal = ral,
  number  = {3},
  pages   = {1695-1702},
  title   = {Learning Ground Traversability From Simulations},
  volume  = {3},
  year    = {2018}
}

@inproceedings{Chestnutt2004,
  author    = {Joel E. Chestnutt and
               James J. Kuffner},
  booktitle = ichr,
  doi       = {10.1109/ICHR.2004.1442135},
  pages     = {422--436},
  title     = {A tiered planning strategy for biped navigation},
  year      = {2004}
}

@inproceedings{Chilian2009,
  author    = {Annett Chilian and
               Heiko Hirschm{\"{u}}ller},
  booktitle = iros,
  doi       = {10.1109/IROS.2009.5354535},
  pages     = {4571--4576},
  title     = {Stereo camera based navigation of mobile robots on rough terrain},
  year      = {2009}
}

@article{Choi2023,
  author  = {Suyoung Choi and
             Gwanghyeon Ji and
             Jeongsoo Park and
             Hyeongjun Kim and
             Juhyeok Mun and
             Jeonghyun Lee and
             Jemin Hwangbo},
  doi     = {10.1126/scirobotics.ade2256},
  journal = scirob,
  number  = {74},
  title   = {Learning quadrupedal locomotion on deformable terrain},
  volume  = {8},
  year    = {2023}
}

@article{Choset2000,
  author  = {Choset, Howie},
  doi     = {10.1023/A:1008958800904},
  isbn    = {1573-7527},
  journal = {Autonomous Robots},
  number  = {3},
  pages   = {247--253},
  title   = {Coverage of Known Spaces: The Boustrophedon Cellular Decomposition},
  volume  = {9},
  year    = {2000}
}

@article{Chung2023,
  author  = {Chung, Timothy H. and Orekhov, Viktor and Maio, Angela},
  journal = {Annual Review of Control, Robotics, and Autonomous Systems},
  number  = {1},
  title   = {{Into the Robotic Depths: Analysis and Insights from the DARPA Subterranean Challenge}},
  volume  = {6},
  year    = {2023}
}

@inproceedings{Churchill2012,
  author    = {Churchill, Winston and Newman, Paul},
  booktitle = icra,
  doi       = {10.1109/ICRA.2012.6224596},
  optpages  = {4525-4532},
  title     = {{Practice makes perfect? Managing and Leveraging Visual Experiences for Lifelong Navigation}},
  year      = {2012}
}

@article{Churchill2013,
  author  = {Winston Churchill and
             Paul Newman},
  doi     = {10.1177/0278364913499193},
  journal = ijrr,
  number  = {14},
  pages   = {1645--1661},
  title   = {Experience-based navigation for long-term localisation},
  volume  = {32},
  year    = {2013}
}

@misc{CMU2017,
  author       = {{CMU Robotics Institute}},
  day          = 29,
  howpublished = {\url{https://www.youtube.com/watch?v=2KMAAmkz9go}},
  note         = {[Online; accessed 16-Jun-2023]},
  title        = {History Channel 1998 : Driverless Car Technology Overview at Carnegie Mellon University},
  year         = 2017
}

@article{Corke2007,
  author  = {Peter Corke and Jorge Lobo and Jorge Dias},
  doi     = {10.1177/0278364907079279},
  journal = ijrr,
  number  = {6},
  pages   = {519-535},
  title   = {An Introduction to Inertial and Visual Sensing},
  volume  = {26},
  year    = {2007}
}

@book{Corke2011,
  author    = {Corke, Peter},
  isbn      = {9783642201431},
  lccn      = {2011934624},
  publisher = {Springer Berlin Heidelberg},
  series    = {Springer Tracts in Advanced Robotics},
  title     = {Robotics, Vision and Control: Fundamental Algorithms in MATLAB},
  year      = {2011}
}

@article{Cummins2008,
  author  = {Mark Joseph Cummins and
             Paul M. Newman},
  doi     = {10.1177/0278364908090961},
  journal = ijrr,
  number  = {6},
  pages   = {647--665},
  title   = {{FAB-MAP:} Probabilistic Localization and Mapping in the Space of Appearance},
  volume  = {27},
  year    = {2008}
}

% D
@inproceedings{DallOsto2021,
  author    = {Dominic Dall'Osto and
               Tobias Fischer and
               Michael Milford},
  booktitle = iros,
  doi       = {10.1109/IROS51168.2021.9636334},
  pages     = {500--507},
  title     = {Fast and Robust Bio-inspired Teach and Repeat Navigation},
  year      = {2021}
}

@article{Dame2013,
  author  = {Dame, Amaury and Marchand, Eric},
  doi     = {10.1016/j.robot.2012.11.004},
  issn    = {09218890},
  journal = ras,
  number  = {3},
  pages   = {259--270},
  title   = {{Using mutual information for appearance-based visual path following}},
  volume  = {61},
  year    = {2013}
}

@misc{DARPA2012,
  author       = {{DARPA}},
  howpublished = {\url{https://www.youtube.com/watch?v=hNUeSUXOc-w}},
  note         = {[Online; accessed 4-Jul-2023]},
  title        = {LS3 Follow Tight},
  year         = 2012
}

@article{Delbracio2021,
  author  = {Delbracio, Mauricio and Kelly, Damien and Brown, Michael S. and Milanfar, Peyman},
  doi     = {10.1146/annurev-vision-093019-115521},
  journal = {Annual Review of Vision Science},
  note    = {PMID: 34524880},
  number  = {1},
  pages   = {571-604},
  title   = {Mobile Computational Photography: A Tour},
  volume  = {7},
  year    = {2021}
}


@article{Dellaert2006,
  author  = {Frank Dellaert and Michael Kaess},
  doi     = {10.1177/0278364906072768},
  journal = ijrr,
  number  = {12},
  pages   = {1181-1203},
  title   = {Square Root SAM: Simultaneous Localization and Mapping via Square Root Information Smoothing},
  volume  = {25},
  year    = {2006}
}

@book{Dellaert2017,
  address   = {Hanover, MA, USA},
  author    = {Dellaert, Frank and Kaess, Michael},
  isbn      = {168083326X},
  publisher = {Now Publishers Inc.},
  title     = {Factor Graphs for Robot Perception},
  year      = {2017}
}

@techreport{Dellaert2022,
  author      = {Dellaert, Frank},
  institution = {Georgia Institute of Technology},
  title       = {Derivatives and Differentials},
  url         = {https://github.com/borglab/gtsam/blob/develop/doc/math.pdf},
  year        = {2022}
}

@inproceedings{Detone2018,
  author    = {DeTone, Daniel and Malisiewicz, Tomasz and Rabinovich, Andrew},
  booktitle = {Proceedings of the IEEE Conference on Computer Vision and Pattern 
               Recognition Workshops},
  pages     = {224--236},
  title     = {Superpoint: Self-supervised interest point detection and description},
  year      = {2018}
}

@inproceedings{Dey2022,
  author    = {Sharmita Dey and
               David D. Fan and
               Robin Schmid and
               Anushri Dixit and
               Kyohei Otsu and
               Thomas Touma and
               Arndt F. Schilling and
               Ali{-}Akbar Agha{-}Mohammadi},
  booktitle = iros,
  doi       = {10.1109/IROS47612.2022.9981660},
  pages     = {4338--4343},
  title     = {PrePARE: Predictive Proprioception for Agile Failure Event Detection
               in Robotic Exploration of Extreme Terrains},
  year      = {2022}
}

@article{Dijkstra1959,
  author  = {Edsger W. Dijkstra},
  doi     = {10.1007/BF01386390},
  journal = {Numerische Mathematik},
  pages   = {269--271},
  title   = {A note on two problems in connexion with graphs},
  volume  = {1},
  year    = {1959}
}

@misc{Digiforest,
  author       = {{DigiForest Consortium}},
  howpublished = {\url{https://digiforest.eu}},
  note         = {[Online; accessed 01-Sep-2023]},
  title        = {{Digiforest | Digital Analytics and Robotics for Sustainable Forestry}},
  year         = {2023}
}

@inproceedings{Dudzik2020,
  author    = {Thomas Dudzik and
               Matthew Chignoli and
               Gerardo Bledt and
               Bryan Lim and
               Adam Miller and
               Donghyun Kim and
               Sangbae Kim},
  booktitle = iros,
  doi       = {10.1109/IROS45743.2020.9340701},
  pages     = {3664--3671},
  title     = {Robust Autonomous Navigation of a Small-Scale Quadruped Robot in Real-World
               Environments},
  year      = {2020}
}

@article{Ding2022,
  author  = {L. Ding  and R. Zhou  and Y. Yuan  and H. Yang  and J. Li  and T. Yu  and C. Liu  and J. Wang  and S. Li  and H. Gao  and Z. Deng  and N. Li  and Z. Wang  and Z. Gong  and G. Liu  and J. Xie  and S. Wang  and Z. Rong  and D. Deng  and X. Wang  and S. Han  and W. Wan  and L. Richter  and L. Huang  and S. Gou  and Z. Liu  and H. Yu  and Y. Jia  and B. Chen  and Z. Dang  and K. Zhang  and L. Li  and X. He  and S. Liu  and K. Di },
  doi     = {10.1126/scirobotics.abj6660},
  journal = scirob,
  number  = {62},
  pages   = {eabj6660},
  title   = {A 2-year locomotive exploration and scientific investigation of the lunar farside by the Yutu-2 rover},
  volume  = {7},
  year    = {2022}
}


@article{Dubayah2000,
  author  = {Dubayah, Ralph O. and Drake, Jason B.},
  doi     = {10.1093/jof/98.6.44},
  issn    = {0022-1201},
  journal = {Journal of Forestry},
  month   = jun,
  number  = {6},
  pages   = {44--46},
  title   = {Lidar {Remote} {Sensing} for {Forestry}},
  volume  = {98},
  year    = {2000}
}

@article{Dunbabin2012,
  author  = {Dunbabin, Matthew and Marques, Lino},
  doi     = {10.1109/MRA.2011.2181683},
  journal = ram,
  number  = {1},
  pages   = {24-39},
  title   = {Robots for Environmental Monitoring: Significant Advancements and Applications},
  volume  = {19},
  year    = {2012}
}



% E
@techreport{Eberly1999,
  author      = {Eberly, David},
  institution = {Geometric Tools},
  language    = {en},
  title       = {Least {Squares} {Fitting} of {Data} by {Linear} or {Quadratic} {Structures}},
  url         = {https://www.geometrictools.com/Documentation/LeastSquaresFitting.pdf},
  year        = {1999}
}


@book{Ekstrom2018,
  author    = {Ekstrom, Arne D. and Spiers, Hugo J. and Bohbot, Véronique D. and Rosenbaum, R. Shayna},
  isbn      = {9780691171746},
  lccn      = {2018941305},
  publisher = {Princeton University Press},
  title     = {Human Spatial Navigation},
  year      = {2018}
}

@inproceedings{Engel2014,
  author    = {Jakob Engel and
               Thomas Sch{\"{o}}ps and
               Daniel Cremers},
  booktitle = eccv,
  doi       = {10.1007/978-3-319-10605-2\_54},
  pages     = {834--849},
  publisher = {Springer},
  series    = {Lecture Notes in Computer Science},
  title     = {{LSD-SLAM:} Large-Scale Direct Monocular {SLAM}},
  volume    = {8690},
  year      = {2014}
}

@article{Engel2018,
  author  = {Engel, Jakob and Koltun, Vladlen and Cremers, Daniel},
  doi     = {10.1109/TPAMI.2017.2658577},
  issn    = {01628828},
  journal = pami,
  number  = {3},
  pages   = {611--625},
  title   = {{Direct Sparse Odometry}},
  volume  = {40},
  year    = {2018}
}


@inproceedings{Ester1996,
  address   = {Portland, Oregon},
  author    = {Ester, Martin and Kriegel, Hans-Peter and Sander, Jörg and Xu, Xiaowei},
  booktitle = {Proceedings of the {Second} {International} {Conference} on {Knowledge} {Discovery} and {Data} {Mining}},
  month     = aug,
  pages     = {226--231},
  publisher = {AAAI Press},
  series    = {{KDD}'96},
  title     = {A density-based algorithm for discovering clusters in large spatial databases with noise},
  year      = {1996}
}


@article{Ewen2022,
  author  = {Ewen, Parker and Li, Adam and Chen, Yuxin and Hong, Steven and Vasudevan, Ram},
  doi     = {10.1109/LRA.2022.3180439},
  journal = ral,
  number  = {3},
  pages   = {7083-7090},
  title   = {These Maps are Made for Walking: Real-Time Terrain Property Estimation for Mobile Robots},
  volume  = {7},
  year    = {2022}
}

@misc{EU2021,
  author    = {European Commission},
  publisher = {European Commision Brussels},
  title     = {Commission communication: New EU forest strategy for 2030},
  url       = {https://eur-lex.europa.eu/legal-content/EN/TXT/?uri=CELEX%3A52021DC0572},
  year      = {2021}
}

% F
@inproceedings{Fan2021,
  author    = {David D. Fan and Kyohei Otsu and Yuki Kubo and Anushri Dixit and Joel Burdick and Ali{-}Akbar Agha{-}Mohammadi},
  booktitle = rss,
  title     = {{{STEP:} Stochastic Traversability Evaluation and Planning for Safe Off-road Navigation}},
  year      = {2021}
}

@article{Fankhauser2018,
  author  = {Fankhauser, Péter and Bloesch, Michael and Hutter, Marco},
  doi     = {10.1109/LRA.2018.2849506},
  journal = ral,
  number  = {4},
  pages   = {3019--3026},
  title   = {Probabilistic Terrain Mapping for Mobile Robots With Uncertain Localization},
  volume  = {3},
  year    = {2018}
}

@inproceedings{Farshidian2017,
  author    = {Farbod Farshidian and
               Michael Neunert and
               Alexander W. Winkler and
               Gonzalo Rey and
               Jonas Buchli},
  booktitle = icra,
  doi       = {10.1109/ICRA.2017.7989016},
  pages     = {93--100},
  title     = {An efficient optimal planning and control framework for quadrupedal locomotion},
  year      = {2017}
}

@article{Felzenszwalb2012,
  author  = {Felzenszwalb, Pedro F. and Huttenlocher, Daniel P.},
  doi     = {10.4086/toc.2012.v008a019},
  journal = {Theory of Computing},
  number  = {19},
  pages   = {415--428},
  title   = {Distance Transforms of Sampled Functions},
  volume  = {8},
  year    = {2012}
}

@article{Fischler1981,
  address    = {New York, NY, USA},
  author     = {Fischler, Martin A. and Bolles, Robert C.},
  doi        = {10.1145/358669.358692},
  issn       = {0001-0782},
  issue_date = {June 1981},
  journal    = {Commun. ACM},
  number     = {6},
  numpages   = {15},
  pages      = {381–395},
  publisher  = {Association for Computing Machinery},
  title      = {Random Sample Consensus: A Paradigm for Model Fitting with Applications to Image Analysis and Automated Cartography},
  volume     = {24},
  year       = {1981}
}


@article{Forster2017,
  author  = {Forster, Christian and Carlone, Luca and Dellaert, Frank and Scaramuzza, Davide},
  doi     = {10.1109/TRO.2016.2597321},
  journal = tro,
  number  = {1},
  pages   = {1-21},
  title   = {On-Manifold Preintegration for Real-Time Visual--Inertial Odometry},
  volume  = {33},
  year    = {2017}
}

@article{Fox1997,
  author  = {Dieter Fox and
             Wolfram Burgard and
             Sebastian Thrun},
  doi     = {10.1109/100.580977},
  journal = ram,
  number  = {1},
  pages   = {23--33},
  title   = {The dynamic window approach to collision avoidance},
  volume  = {4},
  year    = {1997}
}

@inproceedings{Frey2022a,
  author    = {Frey, Jonas and Hoeller, David and Khattak, Shehryar and Hutter, Marco},
  booktitle = iros,
  doi       = {10.1109/IROS47612.2022.9982190},
  pages     = {5722--5729},
  title     = {Locomotion Policy Guided Traversability Learning using Volumetric Representations of Complex Environments},
  year      = {2022}
}

@article{Frey2022b,
  author  = {Frey, Jonas and Blum, Hermann and Milano, Francesco and Siegwart, Roland and Cadena, Cesar},
  doi     = {10.1109/LRA.2022.3203812},
  journal = ral,
  number  = {4},
  pages   = {11665-11672},
  title   = {Continual Adaptation of Semantic Segmentation Using Complementary 2D-3D Data Representations},
  volume  = {7},
  year    = {2022}
}

@inproceedings{Frey2023,
  author    = {Frey, Jonas and Mattamala, Matias and Chebrolu, Nived and Cadena, Cesar and Fallon, Maurice and Hutter, Marco},
  booktitle = rss,
  title     = {{Fast Traversability Estimation for Wild Visual Navigation}},
  year      = {2023}
}

@inbook{Fountas2010,
  address   = {Berlin, Heidelberg},
  author    = {Fountas, S.
               and Gemtos, T. A.
               and Blackmore, S.},
  booktitle = {Soil Engineering},
  doi       = {10.1007/978-3-642-03681-1_5},
  editor    = {Dedousis, Athanasios P.
               and Bartzanas, Thomas},
  isbn      = {978-3-642-03681-1},
  pages     = {69--80},
  publisher = {Springer Berlin Heidelberg},
  title     = {Robotics and Sustainability in Soil Engineering},
  year      = {2010}
}


@inproceedings{Fu2022,
  author    = {Zipeng Fu and Ashish Kumar and Ananye Agarwal and Haozhi Qi and Jitendra Malik and Deepak Pathak},
  booktitle = cvpr,
  doi       = {10.1109/CVPR52688.2022.01676},
  pages     = {17252--17262},
  title     = {Coupling Vision and Proprioception for Navigation of Legged Robots},
  year      = {2022}
}

@article{Furgale2010,
  author  = {Furgale, Paul and Barfoot, Timothy D.},
  doi     = {10.1002/rob.20342},
  journal = jfr,
  number  = {5},
  pages   = {534--560},
  title   = {Visual teach and repeat for long-range rover autonomy},
  volume  = {27},
  year    = {2010}
}

@inproceedings{Furgale2013,
  author    = {Furgale, Paul and Rehder, Joern and Siegwart, Roland},
  booktitle = iros,
  doi       = {10.1109/IROS.2013.6696514},
  pages     = {1280--1286},
  title     = {Unified temporal and spatial calibration for multi-sensor systems},
  year      = {2013}
}

@inproceedings{Furgale2014,
  author    = {Furgale, Paul},
  booktitle = {What Sucks in Robotics and How to Fix It: Lessons Learned from Building Complex Systems (ICRA Workshop)},
  title     = {Representing robot pose: The good, the bad, and the ugly},
  url       = {http://paulfurgale.info/news/2014/6/9/representing-robot-pose-the-good-the-bad-and-the-ugly},
  year      = {2014}
}

% G
@inproceedings{Gadre2022,
  author    = {Samir Yitzhak Gadre and
               Kiana Ehsani and
               Shuran Song and
               Roozbeh Mottaghi},
  booktitle = cvpr,
  doi       = {10.1109/CVPR52688.2022.01443},
  pages     = {14829--14839},
  title     = {Continuous Scene Representations for Embodied {AI}},
  year      = {2022}
}

@inproceedings{Gaertner2021,
  author    = {Magnus Gaertner and
               Marko Bjelonic and
               Farbod Farshidian and
               Marco Hutter},
  booktitle = icra,
  doi       = {10.1109/ICRA48506.2021.9561326},
  pages     = {8266--8272},
  title     = {Collision-Free MPC for Legged Robots in Static and Dynamic Scenes},
  year      = {2021}
}

@article{GalvezLopez2012,
  author  = {G{\'{a}}lvez-L{\'{o}}pez, Dorian and
             Tard{\'{o}}s, Juan D.},
  doi     = {10.1109/TRO.2012.2197158},
  isbn    = {1552-3098},
  issn    = {15523098},
  journal = tro,
  number  = {5},
  pages   = {1188--1197},
  title   = {{Bags of binary words for fast place recognition in
             image sequences}},
  volume  = {28},
  year    = {2012}
}

@article{Gan2022,
  author  = {Lu Gan and
             Jessy W. Grizzle and
             Ryan M. Eustice and
             Maani Ghaffari},
  doi     = {10.1109/LRA.2022.3188100},
  journal = ral,
  number  = {4},
  pages   = {8807--8814},
  title   = {Energy-Based Legged Robots Terrain Traversability Modeling via Deep
             Inverse Reinforcement Learning},
  volume  = {7},
  year    = {2022}
}

@article{Gangapurwala2020,
  author  = {Siddhant Gangapurwala and
             Mathieu Geisert and
             Romeo Orsolino and
             Maurice F. Fallon and
             Ioannis Havoutis},
  doi     = {10.1109/TRO.2022.3172469},
  journal = tro,
  number  = {5},
  pages   = {2908--2927},
  title   = {{RLOC:} Terrain-Aware Legged Locomotion Using Reinforcement Learning
             and Optimal Control},
  volume  = {38},
  year    = {2022}
}

@article{Gasparino2022,
  author  = {Mateus Valverde Gasparino and
             Arun Narenthiran Sivakumar and
             Yixiao Liu and
             Andres E. Baquero Velasquez and
             Vitor A. H. Higuti and
             John Rogers and
             Huy T. Tran and
             Girish Chowdhary},
  doi     = {10.1109/LRA.2022.3193464},
  journal = ral,
  number  = {4},
  pages   = {10651--10658},
  title   = {WayFAST: Navigation With Predictive Traversability in the Field},
  volume  = {7},
  year    = {2022}
}

@book{Gibson1979,
  author    = {Gibson, James J},
  publisher = {Boston: Houghton Mifflin},
  title     = {{The Ecological Approach to Visual Perception}},
  year      = {1979}
}

@article{Giusti2016,
  author  = {Alessandro Giusti and
             Jerome Guzzi and
             Dan C. Ciresan and
             Fang{-}Lin He and
             Juan P. Rodriguez and
             Flavio Fontana and
             Matthias Faessler and
             Christian Forster and
             J{\"{u}}rgen Schmidhuber and
             Gianni Di Caro and
             Davide Scaramuzza and
             Luca Maria Gambardella},
  doi     = {10.1109/LRA.2015.2509024},
  journal = ral,
  number  = {2},
  pages   = {661--667},
  title   = {A Machine Learning Approach to Visual Perception of Forest Trails
             for Mobile Robots},
  volume  = {1},
  year    = {2016}
}



@inproceedings{Geman1986,
  address   = {Berlin, Heidelberg},
  author    = {Geman, Donald and Geman, Stuart},
  booktitle = {Disordered systems and biological organization},
  editor    = {Bienenstock, E. and Soulié, F. Fogelman and Weisbuch, G.},
  isbn      = {978-3-642-82657-3},
  pages     = {301--319},
  publisher = {Springer Berlin Heidelberg},
  title     = {Bayesian image analysis},
  year      = {1986}
}



@article{Gervet2022,
  author     = {Th{\'{e}}ophile Gervet and
                Soumith Chintala and
                Dhruv Batra and
                Jitendra Malik and
                Devendra Singh Chaplot},
  doi        = {10.48550/arXiv.2212.00922},
  eprint     = {2212.00922},
  eprinttype = {arXiv},
  journal    = {CoRR},
  title      = {Navigating to Objects in the Real World},
  volume     = {abs/2212.00922},
  year       = {2022}
}

@book{Golub2013,
  author    = {Golub, Gene. H. and Van Loan, Charles .F.},
  isbn      = {9781421408590},
  lccn      = {2012943449},
  publisher = {Johns Hopkins University Press},
  title     = {Matrix Computations},
  year      = {2013}
}


@article{Gossow2011,
  author     = {Gossow, David and Leeper, Adam and Hershberger, Dave and Ciocarlie, Matei},
  doi        = {10.1109/MRA.2011.943230},
  issn       = {1558-223X},
  journal    = {IEEE Robotics \& Automation Magazine},
  month      = dec,
  number     = {4},
  pages      = {14--15},
  shorttitle = {Interactive {Markers}},
  title      = {Interactive {Markers}: 3-{D} {User} {Interfaces} for {ROS} {Applications} [{ROS} {Topics}]},
  volume     = {18},
  year       = {2011}
}


@article{Gridseth2022,
  author  = {Gridseth, Mona and Barfoot, Timothy D.},
  doi     = {10.1109/LRA.2021.3136867},
  journal = ral,
  number  = {2},
  pages   = {1016-1023},
  title   = {{Keeping an Eye on Things: Deep Learned Features for Long-Term Visual 
             Localization}},
  volume  = {7},
  year    = {2022}
}

@inproceedings{Griwodz2021,
  author    = {Carsten Griwodz and Simone Gasparini and Lilian Calvet and Pierre Gurdjos and Fabien Castan and Benoit Maujean and Gregoire De Lillo and Yann Lanthony},
  booktitle = {ACM Multimedia Systems Conference (MMSys)},
  doi       = {10.1145/3458305.3478443},
  publisher = {ACM Press},
  title     = {{A}liceVision {M}eshroom: An open-source {3D} reconstruction pipeline},
  year      = {2021}
}

@inproceedings{GuamanCastro2023,
  author    = {Mateo Guaman Castro and
               Samuel Triest and
               Wenshan Wang and
               Jason M. Gregory and
               Felix Sanchez and
               John G. Rogers III and
               Sebastian Scherer},
  booktitle = icra,
  title     = {How Does It Feel? Self-Supervised Costmap Learning for Off-Road Vehicle
               Traversability},
  year      = {2023}
}

@article{Guzzi2020,
  author  = {J{\'{e}}r{\^{o}}me Guzzi and
             R. Omar Chavez{-}Garcia and
             Mirko Nava and
             Luca Maria Gambardella and
             Alessandro Giusti},
  doi     = {10.1109/LRA.2020.2972849},
  journal = ral,
  number  = {2},
  pages   = {2586--2593},
  title   = {Path Planning With Local Motion Estimations},
  volume  = {5},
  year    = {2020}
}

@inproceedings{Hartley2018,
  author    = {Ross Hartley and
               Josh Mangelson and
               Lu Gan and
               Maani Ghaffari Jadidi and
               Jeffrey M. Walls and
               Ryan M. Eustice and
               Jessy W. Grizzle},
  booktitle = icra,
  doi       = {10.1109/ICRA.2018.8460748},
  pages     = {1--8},
  title     = {Legged Robot State-Estimation Through Combined Forward Kinematic and
               Preintegrated Contact Factors},
  year      = {2018}
}

@inproceedings{Guan2022,
  author    = {Tianrui Guan AND Zhenpeng He AND Ruitao Song AND Dinesh Manocha AND Liangjun Zhang},
  booktitle = rss,
  title     = {{TNS: Terrain Traversability Mapping and Navigation System for Autonomous Excavators}},
  year      = {2022}
}

% H
@article{Hadsell2009,
  author  = {Hadsell, Raia and Sermanet, Pierre and Ben, Jan and Erkan, Ayse and Scoffier, Marco and Kavukcuoglu, Koray and Muller, Urs and LeCun, Yann},
  doi     = {10.1002/rob.20276},
  journal = jfr,
  number  = {2},
  pages   = {120-144},
  title   = {Learning Long-range Vision for Autonomous Off-road Driving},
  volume  = {26},
  year    = {2009}
}


@article{Hadsell2020,
  author    = {Hadsell, Raia and Rao, Dushyant and Rusu, Andrei A. and Pascanu, Razvan},
  doi       = {10.1016/j.tics.2020.09.004},
  isbn      = {1364-6613},
  journal   = {Trends in Cognitive Sciences},
  number    = {12},
  pages     = {1028--1040},
  publisher = {Elsevier},
  title     = {Embracing Change: Continual Learning in Deep Neural Networks},
  volume    = {24},
  year      = {2020}
}


@incollection{Hall2003,
  address   = {Boston, MA},
  author    = {Hall, Ronald J.},
  booktitle = {Remote {Sensing} of {Forest} {Environments}: {Concepts} and {Case} {Studies}},
  doi       = {10.1007/978-1-4615-0306-4_3},
  editor    = {Wulder, Michael A. and Franklin, Steven E.},
  isbn      = {978-1-4615-0306-4},
  language  = {en},
  pages     = {47--75},
  publisher = {Springer US},
  title     = {The {Roles} of {Aerial} {Photographs} in {Forestry} {Remote} {Sensing} {Image} {Analysis}},
  year      = {2003}
}


@book{Hamilton1988,
  author    = {Hamilton, Graham John},
  publisher = {Forestry Commission},
  title     = {Forest mensuration handbook},
  year      = {1988}
}

@article{Hart1968,
  author  = {Peter E. Hart and
             Nils J. Nilsson and
             Bertram Raphael},
  doi     = {10.1109/TSSC.1968.300136},
  journal = {{IEEE} Trans. Syst. Sci. Cybern.},
  number  = {2},
  pages   = {100--107},
  title   = {A Formal Basis for the Heuristic Determination of Minimum Cost Paths},
  volume  = {4},
  year    = {1968}
}

@book{Hartley2004,
  author    = {Hartley, R. and Zisserman, A.},
  doi       = {10.1017/cbo9780511811685},
  isbn      = {9780511811685},
  publisher = {Cambridge University Press},
  title     = {Multiple View Geometry in Computer Vision},
  year      = {2004}
}

@article{Hausler2022,
  author  = {Hausler, Stephen and Xu, Ming and Garg, Sourav and Chakravarty, Punarjay and Shrivastava, Shubham and Vora, Ankit and Milford, Michael},
  doi     = {10.1109/LRA.2022.3191174},
  journal = ral,
  number  = {4},
  pages   = {10112-10119},
  title   = {Improving Worst Case Visual Localization Coverage via Place-Specific Sub-Selection in Multi-Camera Systems},
  volume  = {7},
  year    = {2022}
}

@inproceedings{He2016,
  author    = {Kaiming He and
               Xiangyu Zhang and
               Shaoqing Ren and
               Jian Sun},
  booktitle = cvpr,
  doi       = {10.1109/CVPR.2016.90},
  pages     = {770--778},
  title     = {Deep Residual Learning for Image Recognition},
  year      = {2016}
}

@article{Hoeller2021,
  author  = {David Hoeller and
             Lorenz Wellhausen and
             Farbod Farshidian and
             Marco Hutter},
  doi     = {10.1109/LRA.2021.3068639},
  journal = ral,
  number  = {3},
  pages   = {5081--5088},
  title   = {Learning a State Representation and Navigation in Cluttered and Dynamic
             Environments},
  volume  = {6},
  year    = {2021}
}

@inproceedings{Homberger2019,
  author    = {Timon Homberger and
               Lorenz Wellhausen and
               Peter Fankhauser and
               Marco Hutter},
  booktitle = {International Conference on Robotics and Automation, {ICRA} 2019,
               Montreal, QC, Canada, May 20-24, 2019},
  doi       = {10.1109/ICRA.2019.8793646},
  pages     = {8470--8476},
  title     = {Support Surface Estimation for Legged Robots},
  year      = {2019}
}

@article{Hornung2013,
  author  = {Armin Hornung and
             Kai M. Wurm and
             Maren Bennewitz and
             Cyrill Stachniss and
             Wolfram Burgard},
  doi     = {10.1007/s10514-012-9321-0},
  journal = auro,
  number  = {3},
  pages   = {189--206},
  title   = {OctoMap: an efficient probabilistic 3D mapping framework based on
             octrees},
  volume  = {34},
  year    = {2013}
}

@article{Howard2006,
  author    = {Andrew Howard and
               Gaurav S. Sukhatme and
               Maja J. Mataric},
  doi       = {10.1109/JPROC.2006.876922},
  journal   = ieee,
  number    = {7},
  pages     = {1360--1369},
  timestamp = {Mon, 08 Feb 2021 14:04:26 +0100},
  title     = {Multirobot Simultaneous Localization and Mapping Using Manifold Representations},
  volume    = {94},
  year      = {2006}
}

@inproceedings{Huang2003,
  author    = {Hui-Min Huang and Elena Messina and James Albus},
  booktitle = {Performanced Metrics for Intelligent Systems (PerMIS) Workshop},
  title     = {Toward a Generic Model for Autonomy Levels for Unmanned Systems (ALFUS)},
  url       = {https://tsapps.nist.gov/publication/get_pdf.cfm?pub_id=822592},
  year      = {2003}
}

@inproceedings{Huang2023,
  author    = {Chenguang Huang and Oier Mees and Andy Zeng and Wolfram Burgard},
  booktitle = icra,
  title     = {{Visual Language Maps for Robot Navigation}},
  year      = {2023}
}

@article{Hudson2022,
  author  = {Nicolas Hudson and Fletcher Talbot and Mark Cox and Jason Williams and Thomas Hines and Alex Pitt and Brett Wood and Dennis Frousheger and Katrina Lo Surdo and Thomas Molnar and Ryan Steindl and Matt Wildie and Inkyu Sa and Navinda Kottege and Kazys Stepanas and Emili Hernandez and Gavin Catt and William Docherty and Brendan Tidd and Benjamin Tam and Simon Murrell and Mitchell Bessell and Lauren Hanson and Lachlan Tychsen-Smith and Hajime Suzuki and Leslie Overs and Farid Kendoul and Glenn Wagner and Duncan Palmer and Peter Milani and Matthew O'Brien and Shu Jiang and Shengkang Chen and Ronald Arkin},
  journal = fr,
  number  = {1},
  pages   = {595--636},
  title   = {{Heterogeneous Ground and Air Platforms, Homogeneous Sensing: Team {CSIRO} Data61's Approach to the {DARPA} Subterranean Challenge}},
  volume  = {2},
  year    = 2022
}

@phdthesis{Hutter2013,
  address   = {Zürich},
  author    = {Hutter, Marco},
  copyright = {In Copyright - Non-Commercial Use Permitted},
  doi       = {10.3929/ethz-a-009915229},
  language  = {en},
  publisher = {ETH},
  school    = {ETH Zurich},
  size      = {1 Band},
  title     = {StarlETH \& Co.. Design and control of legged robots with compliant actuation},
  type      = {Doctoral Thesis},
  year      = {2013}
}

@article{Hutter2017,
  author  = {Marco Hutter and
             Christian Gehring and
             Andreas Lauber and
             Fabian G{\"{u}}nther and
             Carmine Dario Bellicoso and
             Vassilios Tsounis and
             Peter Fankhauser and
             Remo Diethelm and
             Samuel Bachmann and
             Michael Bl{\"{o}}sch and
             Hendrik Kolvenbach and
             Marko Bjelonic and
             Linus Isler and
             Konrad Meyer},
  doi     = {10.1080/01691864.2017.1378591},
  journal = {Adv. Robotics},
  number  = {17},
  pages   = {918--931},
  title   = {ANYmal - toward legged robots for harsh environments},
  volume  = {31},
  year    = {2017}
}

@inproceedings{Hwangbo2016,
  author    = {Jemin Hwangbo and
               Carmine Dario Bellicoso and
               Peter Fankhauser and
               Marco Hutter},
  booktitle = iros,
  doi       = {10.1109/IROS.2016.7759570},
  pages     = {3872--3878},
  title     = {Probabilistic foot contact estimation by fusing information from dynamics
               and differential/forward kinematics},
  year      = {2016}
}


@article{Hwangbo2019,
  author  = {Jemin Hwangbo  and Joonho Lee  and Alexey Dosovitskiy  and Dario Bellicoso  and Vassilios Tsounis  and Vladlen Koltun  and Marco Hutter },
  doi     = {10.1126/scirobotics.aau5872},
  journal = scirob,
  number  = {26},
  pages   = {eaau5872},
  title   = {Learning agile and dynamic motor skills for legged robots},
  volume  = {4},
  year    = {2019}
}


@article{Hyyppa2020,
  author   = {Hyyppä, Eric and Hyyppä, Juha and Hakala, Teemu and Kukko, Antero and Wulder, Michael A. and White, Joanne C. and Pyörälä, Jiri and Yu, Xiaowei and Wang, Yunsheng and Virtanen, Juho-Pekka and Pohjavirta, Onni and Liang, Xinlian and Holopainen, Markus and Kaartinen, Harri},
  doi      = {10.1016/j.isprsjprs.2020.03.021},
  issn     = {09242716},
  journal  = {ISPRS Journal of Photogrammetry and Remote Sensing},
  language = {en},
  month    = jun,
  pages    = {41--60},
  title    = {Under-canopy {UAV} laser scanning for accurate forest field measurements},
  volume   = {164},
  year     = {2020}
}



% I
@article{Ilhan2018,
  author  = {Ilhan, B. Deniz and Johnson, Aaron M. and Koditschek, Daniel E.},
  doi     = {doi.org/10.1002/rob.21779},
  journal = jfr,
  number  = {5},
  pages   = {802-832},
  title   = {Autonomous legged hill ascent},
  volume  = {35},
  year    = {2018}
}

% J
@article{Jackel2006,
  author  = {Larry D. Jackel and
             Eric Krotkov and
             Michael Perschbacher and
             James Pippine and
             Chad Sullivan},
  doi     = {10.1002/rob.20161},
  journal = jfr,
  number  = {11-12},
  pages   = {945-973},
  title   = {The DARPA LAGR program: Goals, Challenges, Methodology, and Phase I Results},
  volume  = {23},
  year    = {2006}
}

@article{Jandl2019,
  author  = {Jandl, Robert and Spathelf, Peter and Bolte, Andreas and Prescott, Cindy E.},
  doi     = {10.1007/s13595-019-0827-x},
  id      = {Jandl2019},
  isbn    = {1297-966X},
  journal = {Annals of Forest Science},
  number  = {2},
  pages   = {48},
  title   = {Forest adaptation to climate change---is non-management an option?},
  volume  = {76},
  year    = {2019}
}

@inproceedings{Jatavallabhula2023,
  author    = {Krishna Murthy Jatavallabhula and Alihusein Kuwajerwala and Qiao Gu and Mohd Omama and Tao Chen and Shuang Li and Ganesh Iyer and Soroush Saryazdi and Nikhil Keetha and Ayush Tewari and Joshua B. Tenenbaum and Celso Miguel de Melo and Madhava Krishna and Liam Paull and Florian Shkurti and Antonio Torralba},
  booktitle = rss,
  title     = {{ConceptFusion: Open-set Multimodal 3D Mapping}},
  year      = {2023}
}

@article{Jelavic2021,
  author  = {Edo Jelavic and Dominic Jud and Pascal Egli and Marco Hutter},
  journal = {Field Robotics},
  title   = {Robotic Precision Harvesting: Mapping, Localization, Planning and Control for a Legged Tree Harvester},
  year    = {2021}
}



@inproceedings{Jelavic2022a,
  author     = {Jelavic, Edo and Kapgen, Tun and Kerscher, Simon and Jud, Dominic and Hutter, Marco},
  booktitle  = {Innovation in {Forestry} {Robotics}: {Research} and {Industry} {Adoption} (ICRA 2022)},
  doi        = {10.3929/ETHZ-B-000549974},
  language   = {en},
  month      = may,
  shorttitle = {Harveri},
  title      = {Harveri : {A} {Small} ({Semi}-){Autonomous} {Precision} {Tree} {Harvester}},
  year       = {2022}
}

@article{Ji2022,
  author  = {Ji, Tianchen and Sivakumar, Arun Narenthiran and Chowdhary, Girish and Driggs-Campbell, Katherine},
  doi     = {10.1109/LRA.2022.3153989},
  journal = ral,
  number  = {2},
  pages   = {4975-4982},
  title   = {Proactive Anomaly Detection for Robot Navigation With Multi-Sensor Fusion},
  volume  = {7},
  year    = {2022}
}

@inproceedings{Johnson2011,
  author    = {Johnson, Aaron M. and Hale, Matthew T. and Haynes, G. C. and Koditschek, Daniel E.},
  booktitle = {IEEE International Symposium on Safety, Security, and Rescue Robotics (SSRR)},
  doi       = {10.1109/SSRR.2011.6106785},
  pages     = {134-142},
  title     = {Autonomous legged hill and stairwell ascent},
  year      = {2011}
}


% K
@article{Kaess2008,
  author  = {Kaess, Michael and Ranganathan, Ananth and Dellaert, Frank},
  journal = tro,
  number  = {6},
  pages   = {1365-1378},
  title   = {iSAM: Incremental Smoothing and Mapping},
  volume  = {24},
  year    = {2008}
}

@article{Kaess2012,
  author  = {Michael Kaess and
             Hordur Johannsson and
             Richard Roberts and
             Viorela Ila and
             John J. Leonard and
             Frank Dellaert},
  journal = ijrr,
  number  = {2},
  pages   = {216--235},
  title   = {iSAM2: Incremental smoothing and mapping using the Bayes tree},
  volume  = {31},
  year    = {2012}
}

@article{Kahn2021,
  author  = {Kahn, Gregory and Abbeel, Pieter and Levine, Sergey},
  doi     = {10.1109/LRA.2021.3057023},
  journal = ral,
  number  = {2},
  pages   = {1312-1319},
  title   = {BADGR: An Autonomous Self-Supervised Learning-Based Navigation System},
  volume  = {6},
  year    = {2021}
}

@incollection{Kajita2016,
  author    = {Shuuji Kajita and
               Christian Ott},
  booktitle = {Springer Handbook of Robotics},
  doi       = {10.1007/978-3-319-32552-1\_17},
  editor    = {Bruno Siciliano and
               Oussama Khatib},
  pages     = {419--442},
  publisher = {Springer},
  series    = {Springer Handbooks},
  title     = {Limbed Systems},
  year      = {2016}
}

@article{Kappler2018,
  author  = {Daniel Kappler and
             Franziska Meier and
             Jan Issac and
             Jim Mainprice and
             Cristina Garcia Cifuentes and
             Manuel Wuthrich and
             Vincent Berenz and
             Stefan Schaal and
             Nathan D. Ratliff and
             Jeannette Bohg},
  doi     = {10.1109/LRA.2018.2795645},
  journal = ral,
  number  = {3},
  pages   = {1864--1871},
  title   = {Real-Time Perception Meets Reactive Motion Generation},
  volume  = {3},
  year    = {2018}
}

@article{Kareer2022,
  author     = {Simar Kareer and
                Naoki Yokoyama and
                Dhruv Batra and
                Sehoon Ha and
                Joanne Truong},
  doi        = {10.48550/arXiv.2210.14791},
  eprint     = {2210.14791},
  eprinttype = {arXiv},
  journal    = {CoRR},
  title      = {ViNL: Visual Navigation and Locomotion Over Obstacles},
  volume     = {abs/2210.14791},
  year       = {2022}
}

@article{Kavraki1996,
  author  = {Lydia E. Kavraki and
             Petr Svestka and
             Jean{-}Claude Latombe and
             Mark H. Overmars},
  doi     = {10.1109/70.508439},
  journal = {{IEEE} Trans. Robotics Autom.},
  number  = {4},
  pages   = {566--580},
  title   = {Probabilistic roadmaps for path planning in high-dimensional configuration spaces},
  volume  = {12},
  year    = {1996}
}

@article{Kellner2019,
  author   = {Kellner, James R. and Armston, John and Birrer, Markus and Cushman, K. C. and Duncanson, Laura and Eck, Christoph and Falleger, Christoph and Imbach, Benedikt and Král, Kamil and Krůček, Martin and Trochta, Jan and Vrška, Tomáš and Zgraggen, Carlo},
  doi      = {10.1007/s10712-019-09529-9},
  issn     = {0169-3298, 1573-0956},
  journal  = {Surveys in Geophysics},
  language = {en},
  month    = jul,
  number   = {4},
  pages    = {959--977},
  title    = {New {Opportunities} for {Forest} {Remote} {Sensing} {Through} {Ultra}-{High}-{Density} {Drone} {Lidar}},
  volume   = {40},
  year     = {2019}
}

@inproceedings{Kendall2015,
  author    = {Alex Kendall and
               Matthew Grimes and
               Roberto Cipolla},
  booktitle = iccv,
  doi       = {10.1109/ICCV.2015.336},
  pages     = {2938--2946},
  title     = {PoseNet: {A} Convolutional Network for Real-Time 6-DOF Camera Relocalization},
  year      = {2015}
}

@inproceedings{Khatib1985,
  author    = {Oussama Khatib},
  booktitle = icra,
  doi       = {10.1109/ROBOT.1985.1087247},
  pages     = {500--505},
  title     = {Real-time obstacle avoidance for manipulators and mobile robots},
  year      = {1985}
}

@inproceedings{Khattak2020,
  author    = {Khattak, Shehryar and Nguyen, Huan and Mascarich, Frank and Dang, Tung and Alexis, Kostas},
  booktitle = {Int. Conf. on Unmanned Aircraft Systems (ICUAS)},
  doi       = {10.1109/ICUAS48674.2020.9213865},
  number    = {},
  pages     = {1024-1029},
  title     = {Complementary Multi–Modal Sensor Fusion for Resilient Robot Pose Estimation in Subterranean Environments},
  volume    = {},
  year      = {2020}
}

@inproceedings{Kim2006,
  author    = {Dongshin Kim and Jie Sun and Sang Min Oh and Rehg, J.M. and Bobick, A.F.},
  booktitle = icra,
  doi       = {10.1109/ROBOT.2006.1641763},
  pages     = {518-525},
  title     = {{Traversability Classification using Unsupervised On-line Visual Learning for Outdoor Robot Navigation}},
  year      = {2006}
}

@inproceedings{Kim2020,
  author    = {Donghyun Kim and
               D. Carballo and
               Jared Di Carlo and
               Benjamin Katz and
               Gerardo Bledt and
               Bryan Lim and
               Sangbae Kim},
  booktitle = icra,
  doi       = {10.1109/ICRA40945.2020.9196777},
  pages     = {2464--2470},
  title     = {Vision Aided Dynamic Exploration of Unstructured Terrain with a Small-Scale
               Quadruped Robot},
  year      = {2020}
}

@inproceedings{Kim2022,
  author    = {Yunho Kim and
               Chanyoung Kim and
               Jemin Hwangbo},
  booktitle = rss,
  doi       = {10.48550/arXiv.2204.08647},
  title     = {Learning Forward Dynamics Model and Informed Trajectory Sampler for
               Safe Quadruped Navigation},
  year      = {2022}
}

@inproceedings{Kingma2015,
  author    = {Kingma, Diederick P and Ba, Jimmy},
  booktitle = iclr,
  title     = {Adam: A Method for Stochastic Optimization},
  year      = {2015}
}

@article{Kitano1997,
  author  = {Hiroaki Kitano and
             Minoru Asada and
             Yasuo Kuniyoshi and
             Itsuki Noda and
             Eiichi Osawa and
             Hitoshi Matsubara},
  doi     = {10.1609/aimag.v18i1.1276},
  journal = {{AI} Mag.},
  number  = {1},
  pages   = {73--85},
  title   = {RoboCup: {A} Challenge Problem for {AI}},
  volume  = {18},
  year    = {1997}
}

@inproceedings{Kipf2017,
  author    = {Thomas N. Kipf and
               Max Welling},
  booktitle = iclr,
  publisher = {OpenReview.net},
  timestamp = {Thu, 25 Jul 2019 14:25:55 +0200},
  title     = {Semi-Supervised Classification with Graph Convolutional Networks},
  year      = {2017}
}

@inbook{Ko2017,
  address   = {New York, NY},
  author    = {Ko, Connie
               and Remmel, Tarmo K.},
  booktitle = {Mapping Forest Landscape Patterns},
  doi       = {10.1007/978-1-4939-7331-6_4},
  editor    = {Remmel, Tarmo K.
               and Perera, Ajith H.},
  isbn      = {978-1-4939-7331-6},
  pages     = {147--185},
  publisher = {Springer New York},
  title     = {Airborne LiDAR Applications in Forest Landscapes},
  year      = {2017}
}

@inproceedings{Koditschek1987,
  author    = {Daniel E. Koditschek},
  booktitle = icra,
  doi       = {10.1109/ROBOT.1987.1088038},
  pages     = {1--6},
  title     = {Exact robot navigation by means of potential functions: Some topological
               considerations},
  year      = {1987}
}

@article{Koh2012,
  author  = {Koh, Lian Pin and Wich, Serge A.},
  doi     = {10.1177/194008291200500202},
  issn    = {1940-0829, 1940-0829},
  journal = {Tropical Conservation Science},
  month   = jun,
  number  = {2},
  pages   = {121--132},
  title   = {Dawn of {Drone} {Ecology}: {Low}-{Cost} {Autonomous} {Aerial} {Vehicles} for {Conservation}},
  volume  = {5},
  year    = {2012}
}



@article{Kolvenbach2020,
  author  = {Hendrik Kolvenbach and
             David Wisth and
             Russell Buchanan and
             Giorgio Valsecchi and
             Ruben Grandia and
             Maurice F. Fallon and
             Marco Hutter},
  doi     = {10.1002/rob.21964},
  journal = jfr,
  number  = {8},
  pages   = {1314--1327},
  title   = {Towards autonomous inspection of concrete deterioration in sewers
             with legged robots},
  volume  = {37},
  year    = {2020}
}

@misc{Kottege2023,
  archiveprefix = {arXiv},
  author        = {Navinda Kottege and Jason Williams and Brendan Tidd and Fletcher Talbot and Ryan Steindl and Mark Cox and Dennis Frousheger and Thomas Hines and Alex Pitt and Benjamin Tam and Brett Wood and Lauren Hanson and Katrina Lo Surdo and Thomas Molnar and Matt Wildie and Kazys Stepanas and Gavin Catt and Lachlan Tychsen-Smith and Dean Penfold and Leslie Overs and Milad Ramezani and Kasra Khosoussi and Farid Kendoul and Glenn Wagner and Duncan Palmer and Jack Manderson and Corey Medek and Matthew O'Brien and Shengkang Chen and Ronald C. Arkin},
  eprint        = {2302.13230},
  primaryclass  = {cs.RO},
  title         = {Heterogeneous robot teams with unified perception and autonomy: How Team CSIRO Data61 tied for the top score at the DARPA Subterranean Challenge},
  year          = {2023}
}

@inproceedings{Krajnik2018,
  author    = {Krajnik, Tomas and Majer, Filip and Halodova, Lucie and Vintr, 
               Tomas},
  booktitle = iros,
  doi       = {10.1109/IROS.2018.8593803},
  eprint    = {1711.05348},
  isbn      = {9781538680940},
  issn      = {21530866},
  pages     = {1657--1664},
  title     = {Navigation without localisation: Reliable teach and repeat based on 
               the convergence theorem},
  year      = {2018}
}

@article{Krotkov2017,
  author  = {Eric Krotkov and
             Douglas Hackett and
             Lawrence D. Jackel and
             Michael Perschbacher and
             James Pippine and
             Jesse Strauss and
             Gill A. Pratt and
             Christopher Orlowski},
  doi     = {10.1002/rob.21683},
  journal = jfr,
  number  = {2},
  pages   = {229--240},
  title   = {The {DARPA} Robotics Challenge Finals: Results and Perspectives},
  volume  = {34},
  year    = {2017}
}


@article{Krumm2019a,
  doi      = {10.3188/szf.2019.0086},
  editor   = {Krumm, Frank and Lachat, Thibault and Schuck, Andreas and Bütler Sauvain, Rita and Kraus, Daniel},
  journal  = {Schweizerische Zeitschrift für Forstwesen},
  keywords = {forest biodiversity, marteloscope, software application, tree-related microhabitats},
  title    = {Marteloscopes as training tools for the retention and conservation of habitat trees in forests},
  year     = {2019}
}


@article{Krusi2015,
  author  = {Philipp Kr{\"{u}}si and
             Bastian B{\"{u}}cheler and
             Fran{\c{c}}ois Pomerleau and
             Ulrich Schwesinger and
             Roland Siegwart and
             Paul Timothy Furgale},
  doi     = {10.1002/rob.21524},
  journal = jfr,
  number  = {4},
  pages   = {534--564},
  title   = {Lighting-invariant Adaptive Route Following Using Iterative Closest
             Point Matching},
  volume  = {32},
  year    = {2015}
}

@inproceedings{Kuipers1977,
  author    = {Benjamin Kuipers},
  booktitle = ijcai,
  editor    = {Raj Reddy},
  pages     = {292--298},
  publisher = {William Kaufmann},
  title     = {Modeling Spatial Knowledge},
  year      = {1977}
}

@inproceedings{Kumar2021,
  author    = {Ashish Kumar and
               Zipeng Fu and
               Deepak Pathak and
               Jitendra Malik},
  booktitle = rss,
  doi       = {10.15607/RSS.2021.XVII.011},
  editor    = {Dylan A. Shell and
               Marc Toussaint and
               M. Ani Hsieh},
  title     = {{RMA:} Rapid Motor Adaptation for Legged Robots},
  year      = {2021}
}

@inproceedings{Kumar2022,
  author    = {Hans Kumar and
               J. Joe Payne and
               Matthew J. Travers and
               Aaron M. Johnson and
               Howie Choset},
  booktitle = icra,
  doi       = {10.1109/ICRA46639.2022.9811634},
  pages     = {9477--9483},
  title     = {Periodic {SLAM:} Using Cyclic Constraints to Improve the Performance
               of Visual-Inertial {SLAM} on Legged Robots},
  year      = {2022}
}

@inproceedings{Kuo2020,
  author    = {Kuo, Juichung and Muglikar, Manasi and Zhang, Zichao and Scaramuzza, Davide},
  booktitle = icra,
  doi       = {10.1109/ICRA40945.2020.9197553},
  pages     = {2116-2122},
  title     = {Redesigning SLAM for Arbitrary Multi-Camera Systems},
  year      = {2020}
}


% L
@article{Labbe2019,
  author  = {Mathieu Labb{\'{e}} and
             Fran{\c{c}}ois Michaud},
  doi     = {10.1002/rob.21831},
  journal = jfr,
  number  = {2},
  pages   = {416--446},
  title   = {RTAB-Map as an open-source lidar and visual simultaneous localization
             and mapping library for large-scale and long-term online operation},
  volume  = {36},
  year    = {2019}
}

@article{Lapola2023,
  author  = {David M. Lapola  and Patricia Pinho  and Jos Barlow  and Luiz E. O. C. Aragão  and Erika Berenguer  and Rachel Carmenta  and Hannah M. Liddy  and Hugo Seixas  and Camila V. J. Silva  and Celso H. L. Silva-Junior  and Ane A. C. Alencar  and Liana O. Anderson  and Dolors Armenteras  and Victor Brovkin  and Kim Calders  and Jeffrey Chambers  and Louise Chini  and Marcos H. Costa  and Bruno L. Faria  and Philip M. Fearnside  and Joice Ferreira  and Luciana Gatti  and Victor Hugo Gutierrez-Velez  and Zhangang Han  and Kathleen Hibbard  and Charles Koven  and Peter Lawrence  and Julia Pongratz  and Bruno T. T. Portela  and Mark Rounsevell  and Alex C. Ruane  and Rüdiger Schaldach  and Sonaira S. da Silva  and Celso von Randow  and Wayne S. Walker },
  doi     = {10.1126/science.abp8622},
  journal = {Science},
  number  = {6630},
  pages   = {eabp8622},
  title   = {The drivers and impacts of Amazon forest degradation},
  volume  = {379},
  year    = {2023}
}

@techreport{LaValle1998,
  author      = {Steven M. LaValle},
  institution = {Computer Science Dept., Iowa State University},
  number      = {TR 98-11},
  title       = {Rapidly-exploring random trees : a new tool for path planning},
  year        = {1998}
}

@article{Lee2017,
  author  = {Lee, Honggu and Kwak, Kiho and Jo, Sungho},
  doi     = {10.1007/s10514-016-9588-7},
  journal = auro,
  number  = {4},
  pages   = {795--810},
  title   = {An Incremental Nonparametric {Bayesian} Clustering-based Traversable Region Detection Method},
  volume  = {41},
  year    = {2017}
}

@article{Lee2020,
  author  = {Joonho Lee and
             Jemin Hwangbo and
             Lorenz Wellhausen and
             Vladlen Koltun and
             Marco Hutter},
  doi     = {10.1126/scirobotics.abc5986},
  journal = scirob,
  number  = {47},
  pages   = {5986},
  title   = {Learning quadrupedal locomotion over challenging terrain},
  volume  = {5},
  year    = {2020}
}

@article{Lesort2020,
  author  = {Timoth{\'{e}}e Lesort and
             Vincenzo Lomonaco and
             Andrei Stoian and
             Davide Maltoni and
             David Filliat and
             Natalia D{\'{\i}}az Rodr{\'{\i}}guez},
  doi     = {10.1016/j.inffus.2019.12.004},
  journal = {Inf. Fusion},
  pages   = {52--68},
  title   = {Continual learning for robotics: Definition, framework, learning strategies,
             opportunities and challenges},
  volume  = {58},
  year    = {2020}
}

@inproceedings{Leutenegger2011,
  author    = {Stefan Leutenegger and
               Margarita Chli and
               Roland Siegwart},
  booktitle = iccv,
  doi       = {10.1109/ICCV.2011.6126542},
  editor    = {Dimitris N. Metaxas and
               Long Quan and
               Alberto Sanfeliu and
               Luc Van Gool},
  pages     = {2548--2555},
  title     = {{BRISK:} Binary Robust invariant scalable keypoints},
  year      = {2011}
}

@inproceedings{Leutenegger2013,
  author    = {Stefan Leutenegger and
               Paul Timothy Furgale and
               Vincent Rabaud and
               Margarita Chli and
               Kurt Konolige and
               Roland Siegwart},
  booktitle = rss,
  doi       = {10.15607/RSS.2013.IX.037},
  editor    = {Paul Newman and
               Dieter Fox and
               David Hsu},
  title     = {Keyframe-Based Visual-Inertial {SLAM} using Nonlinear Optimization},
  year      = {2013}
}

@article{Levine2022,
  author     = {Sergey Levine and
                Dhruv Shah},
  doi        = {10.48550/arXiv.2212.06759},
  eprint     = {2212.06759},
  eprinttype = {arXiv},
  journal    = {CoRR},
  title      = {Learning Robotic Navigation from Experience: Principles, Methods,
                and Recent Results},
  volume     = {abs/2212.06759},
  year       = {2022}
}

@article{Li2023,
  author  = {Anqiao Li and
             Chenyu Yang and
             Jonas Frey and
             Joonho Lee and
             Cesar Cadena and
             Marco Hutter},
  doi     = {10.1109/LRA.2023.3320016},
  journal = ral,
  number  = {11},
  pages   = {7687--7694},
  title   = {Seeing Through the Grass: Semantic Pointcloud Filter for Support Surface
             Learning},
  volume  = {8},
  year    = {2023}
}

@article{Liang2016,
  author  = {Xinlian Liang and Ville Kankare and Juha Hyyppä and Yunsheng Wang and Antero Kukko and Henrik Haggrén and Xiaowei Yu and Harri Kaartinen and Anttoni Jaakkola and Fengying Guan and Markus Holopainen and Mikko Vastaranta},
  doi     = {https://doi.org/10.1016/j.isprsjprs.2016.01.006},
  issn    = {0924-2716},
  journal = {ISPRS Journal of Photogrammetry and Remote Sensing},
  pages   = {63-77},
  title   = {Terrestrial laser scanning in forest inventories},
  volume  = {115},
  year    = {2016}
}

@inproceedings{Lindenberger2021,
  author    = {Philipp Lindenberger and
               Paul{-}Edouard Sarlin and
               Viktor Larsson and
               Marc Pollefeys},
  booktitle = iccv,
  doi       = {10.1109/ICCV48922.2021.00593},
  pages     = {5967--5977},
  title     = {Pixel-Perfect Structure-from-Motion with Featuremetric Refinement},
  year      = {2021}
}

@article{Lin2011,
  author   = {Lin, Yi and Hyyppa, Juha and Jaakkola, Anttoni},
  doi      = {10.1109/LGRS.2010.2079913},
  issn     = {1545-598X, 1558-0571},
  journal  = {IEEE Geoscience and Remote Sensing Letters},
  language = {en},
  month    = may,
  number   = {3},
  pages    = {426--430},
  title    = {Mini-{UAV}-{Borne} {LIDAR} for {Fine}-{Scale} {Mapping}},
  volume   = {8},
  year     = {2011}
}

@inproceedings{Linegar2015,
  author    = {Linegar, Chris and Churchill, Winston and
               Newman, Paul},
  booktitle = icra,
  doi       = {10.1109/ICRA.2015.7138985},
  isbn      = {9781479969234},
  issn      = {10504729},
  number    = {June},
  pages     = {90--97},
  publisher = {IEEE},
  title     = {{Work smart, not hard: Recalling relevant experiences
               for vast-scale but time-constrained localisation}},
  year      = {2015}
}

@inproceedings{Linegar2016,
  author    = {Linegar, Chris and Churchill, Winston and Newman, Paul},
  booktitle = icra,
  doi       = {10.1109/ICRA.2016.7487208},
  number    = {},
  pages     = {787-794},
  title     = {{Made to measure: Bespoke landmarks for 24-hour, all-weather 
               localisation with a camera}},
  volume    = {},
  year      = {2016}
}

@phdthesis{Linegar2016b,
  address   = {United Kingdom},
  author    = {Linegar, Chris},
  language  = {en},
  publisher = {University of Oxford},
  school    = {University of Oxford},
  title     = {Vision-only localisation under extreme appearance change},
  type      = {Doctoral Thesis},
  year      = {2016}
}

@article{Liu2022,
  author  = {Liu, Xu and Nardari, Guilherme V. and Ojeda, Fernando Cladera and Tao, Yuezhan and Zhou, Alex and Donnelly, Thomas and Qu, Chao and Chen, Steven W. and Romero, Roseli A. F. and Taylor, Camillo J. and Kumar, Vijay},
  doi     = {10.1109/LRA.2022.3154047},
  journal = ral,
  number  = {2},
  pages   = {5512-5519},
  title   = {Large-Scale Autonomous Flight With Real-Time Semantic SLAM Under Dense Forest Canopy},
  volume  = {7},
  year    = {2022}
}

@article{LobosTsunekawa2018,
  author  = {Kenzo Lobos{-}Tsunekawa and
             Francisco Leiva and
             Javier Ruiz{-}del{-}Solar},
  doi     = {10.1109/LRA.2018.2851148},
  journal = ral,
  number  = {4},
  pages   = {3247--3254},
  title   = {Visual Navigation for Biped Humanoid Robots Using Deep Reinforcement
             Learning},
  volume  = {3},
  year    = {2018}
}

@article{Lowe2004,
  author  = {Lowe, David G.},
  doi     = {10.1023/B:VISI.0000029664.99615.94},
  journal = ijcv,
  number  = {2},
  pages   = {91--110},
  title   = {Distinctive image features from scale-invariant keypoints},
  volume  = {60},
  year    = {2004}
}

@article{Lowry2016,
  author  = {Stephanie M. Lowry and
             Niko S{\"{u}}nderhauf and
             Paul Newman and
             John J. Leonard and
             David D. Cox and
             Peter I. Corke and
             Michael J. Milford},
  doi     = {10.1109/TRO.2015.2496823},
  journal = tro,
  number  = {1},
  pages   = {1--19},
  title   = {Visual Place Recognition: {A} Survey},
  volume  = {32},
  year    = {2016}
}

@book{Lull1959,
  abstract  = {The purpose of this report is to review available information on soil compaction as related to soil and water conservation on forest and range lands.},
  author    = {Lull, Howard William},
  file      = {Lull - Soil Compaction on Forest and Range Lands.pdf:/Users/matias/Zotero/storage/CHAV2DQK/Lull - Soil Compaction on Forest and Range Lands.pdf:application/pdf},
  language  = {en},
  publisher = {Forest Service, U.S. Department of Agriculture},
  title     = {Soil {Compaction} on {Forest} and {Range} {Lands}},
  year      = {1959}
}

@book{Lynch2015,
  author    = {Lynch, Kevin and Marchuk, Nicholas and Elwin, Matthew},
  isbn      = {9780124202351},
  publisher = {Elsevier Science},
  title     = {Embedded Computing and Mechatronics with the PIC32 Microcontroller},
  year      = {2015}
}

@book{Lynch2017,
  author    = {Lynch, Kevin M. and Park, Frank C.},
  isbn      = {9781107156302},
  lccn      = {2017302004},
  publisher = {Cambridge University Press},
  title     = {Modern Robotics},
  year      = {2017}
}

@inproceedings{Lynen2014,
  author    = {Simon Lynen and
               Michael Bosse and
               Paul Timothy Furgale and
               Roland Siegwart},
  booktitle = ictdv,
  doi       = {10.1109/3DV.2014.36},
  pages     = {303--310},
  title     = {Placeless Place-Recognition},
  year      = {2014}
}

@inproceedings{Lynen2015,
  author    = {Simon Lynen and
               Torsten Sattler and
               Michael Bosse and
               Joel A. Hesch and
               Marc Pollefeys and
               Roland Siegwart},
  booktitle = rss,
  doi       = {10.15607/RSS.2015.XI.037},
  editor    = {Lydia E. Kavraki and
               David Hsu and
               Jonas Buchli},
  title     = {Get Out of My Lab: Large-scale, Real-Time Visual-Inertial Localization},
  year      = {2015}
}

% M
@inbook{Ma2004,
  address   = {New York, NY},
  author    = {Ma, Yi
               and Soatto, Stefano
               and Ko{\v{s}}eck{\'a}, Jana
               and Sastry, S. Shankar},
  booktitle = {An Invitation to 3-D Vision: From Images to Geometric Models},
  doi       = {10.1007/978-0-387-21779-6_1},
  isbn      = {978-0-387-21779-6},
  publisher = {Springer New York},
  title     = {Introduction},
  year      = {2004}
}

@article{Ma2017,
  author    = {Ma, Qin and Su, Yanjun and Guo, Qinghua},
  journal   = {IEEE Journal of Selected Topics in Applied Earth Observations and Remote Sensing},
  number    = {9},
  pages     = {4225--4236},
  publisher = {IEEE},
  title     = {Comparison of canopy cover estimations from airborne LiDAR, aerial imagery, and satellite imagery},
  volume    = {10},
  year      = {2017}
}


@incollection{MacQueen1967,
  author    = {MacQueen, J.},
  booktitle = {Proceedings of the {Fifth} {Berkeley} {Symposium} on {Mathematical} {Statistics} and {Probability}, {Volume} 1: {Statistics}},
  month     = jan,
  pages     = {281--298},
  publisher = {University of California Press},
  title     = {Some methods for classification and analysis of multivariate observations},
  volume    = {5.1},
  year      = {1967}
}


@article{MacTavish2018,
  author  = {MacTavish, Kirk and Paton, Michael and Barfoot, Timothy D.},
  doi     = {10.1002/rob.21838},
  issn    = {15564967},
  journal = jfr,
  number  = {8},
  pages   = {1265--1292},
  title   = {{Selective memory: Recalling relevant experience for long-term 
             visual localization}},
  volume  = {35},
  year    = {2018}
}

@inproceedings{Mastalli2020,
  author    = {Carlos Mastalli and
               Rohan Budhiraja and
               Wolfgang Merkt and
               Guilhem Saurel and
               Bilal Hammoud and
               Maximilien Naveau and
               Justin Carpentier and
               Ludovic Righetti and
               Sethu Vijayakumar and
               Nicolas Mansard},
  booktitle = icra,
  doi       = {10.1109/ICRA40945.2020.9196673},
  pages     = {2536--2542},
  title     = {Crocoddyl: An Efficient and Versatile Framework for Multi-Contact
               Optimal Control},
  year      = {2020}
}

@techreport{Mattamala2018,
  author    = {Mattamala, Mat{\'\i}as},
  publisher = {Universidad de Chile},
  title     = {{Localizaci{\'o}n visual en robots de recursos computacionales limitados}},
  year      = {2018}
}

@article{Mattamala2022,
  author  = {Mat{\'{\i}}as Mattamala and
             Nived Chebrolu and
             Maurice F. Fallon},
  doi     = {10.1109/LRA.2022.3143196},
  journal = ral,
  number  = {2},
  pages   = {2353--2360},
  title   = {An Efficient Locally Reactive Controller for Safe Navigation in Visual
             Teach and Repeat Missions},
  volume  = {7},
  year    = {2022}
}

@inproceedings{Mattamala2021,
  author    = {Mat{\'{\i}}as Mattamala and
               Milad Ramezani and
               Marco Camurri and
               Maurice F. Fallon},
  booktitle = icra,
  doi       = {10.1109/ICRA48506.2021.9561650},
  pages     = {14346--14352},
  title     = {Learning Camera Performance Models for Active Multi-Camera Visual
               Teach and Repeat},
  year      = {2021}
}

@misc{Mattamala2021b,
  author       = {Mattamala, Matias},
  howpublished = {\url{https://gtsam.org/2021/02/23/uncertainties-part2.html}},
  note         = {[Online; accessed 10-Feb-2023]},
  title        = {{Reducing the uncertainty about the uncertainties, part 2: Frames and manifolds}},
  year         = {2021}
}

@inproceedings{Maturana2017,
  author    = {Daniel Maturana and
               Po{-}Wei Chou and
               Masashi Uenoyama and
               Sebastian A. Scherer},
  booktitle = fsr,
  doi       = {10.1007/978-3-319-67361-5\_22},
  pages     = {335--350},
  publisher = {Springer},
  series    = {Springer Proceedings in Advanced Robotics},
  title     = {Real-Time Semantic Mapping for Autonomous Off-Road Navigation},
  volume    = {5},
  year      = {2017}
}

@misc{Meeussen2010,
  author       = {Meeussen, Wim},
  howpublished = {\url{https://www.ros.org/reps/rep-0105.html}},
  note         = {[Online; accessed 17-Aug-2023]},
  title        = {Rep 105 --- Coordinate Frames for Mobile Platforms},
  year         = {2010}
}

@book{Megevand2013,
  author    = {Megevand, C. and Mosnier, A. and World Bank},
  isbn      = {9780821397428},
  lccn      = {2012048450},
  publisher = {World Bank Publications},
  series    = {Directions in Development},
  title     = {Deforestation Trends in the Congo Basin: Reconciling Economic Growth and Forest Protection},
  year      = {2013}
}

@inproceedings{Melo2017,
  author    = {Melo, Kamilo and Horvat, Tomislav and Ijspeert, Auke J},
  booktitle = {International Symposium on Adaptive Motion of Animals and Machines (AMAM)},
  title     = {K-rock, a bio-robot outside the lab, back in nature},
  year      = {2017}
}

@article{Melo2023,
  author  = {Kamilo Melo  and Tomislav Horvat  and Auke J. Ijspeert },
  doi     = {10.1126/scirobotics.add8662},
  journal = scirob,
  number  = {85},
  pages   = {eadd8662},
  title   = {Animal robots in the African wilderness: Lessons learned and outlook for field robotics},
  volume  = {8},
  year    = {2023}
}


@article{Meng2019,
  author    = {Xiangyun Meng and
               Nathan D. Ratliff and
               Yu Xiang and
               Dieter Fox},
  booktitle = icra,
  doi       = {10.1109/ICRA.2019.8794223},
  pages     = {8860--8866},
  title     = {Neural Autonomous Navigation with Riemannian Motion Policy},
  year      = {2019}
}

@inproceedings{Meng2020,
  author    = {Xiangyun Meng and
               Nathan D. Ratliff and
               Yu Xiang and
               Dieter Fox},
  booktitle = icra,
  doi       = {10.1109/ICRA40945.2020.9196644},
  pages     = {672-678},
  title     = {Scaling Local Control to Large-Scale Topological Navigation},
  year      = {2020}
}

@misc{Meng2023,
  author     = {Xiangyun Meng and
                Nathan Hatch and
                Alexander Lambert and
                Anqi Li and
                Nolan Wagener and
                Matthew Schmittle and
                Joonho Lee and
                Wentao Yuan and
                Zoey Qiuyu Chen and
                Samuel Deng and
                Greg Okopal and
                Dieter Fox and
                Byron Boots and
                Amirreza Shaban},
  doi        = {10.48550/arXiv.2303.15771},
  eprint     = {2303.15771},
  eprinttype = {arXiv},
  journal    = {CoRR},
  title      = {TerrainNet: Visual Modeling of Complex Terrain for High-speed, Off-road
                Navigation},
  volume     = {abs/2303.15771},
  year       = {2023}
}

@inproceedings{Michels2005,
  author    = {Jeff Michels and
               Ashutosh Saxena and
               Andrew Y. Ng},
  booktitle = icml,
  doi       = {10.1145/1102351.1102426},
  editor    = {Luc De Raedt and
               Stefan Wrobel},
  pages     = {593--600},
  series    = {{ACM} International Conference Proceeding Series},
  title     = {High speed obstacle avoidance using monocular vision and reinforcement
               learning},
  volume    = {119},
  year      = {2005}
}

@inproceedings{Miettinen2007,
  author    = {Miettinen, Mikko and Ohman, Matti and Visala, Arto and Forsman, Pekka},
  booktitle = icra,
  doi       = {10.1109/ROBOT.2007.363838},
  number    = {},
  pages     = {517-522},
  title     = {Simultaneous Localization and Mapping for Forest Harvesters},
  volume    = {},
  year      = {2007}
}

@article{Miki2022a,
  author  = {Takahiro Miki  and Joonho Lee  and Jemin Hwangbo  and Lorenz Wellhausen  and Vladlen Koltun  and Marco Hutter },
  doi     = {10.1126/scirobotics.abk2822},
  journal = scirob,
  number  = {62},
  title   = {Learning Robust Perceptive Locomotion for Quadrupedal Robots in the Wild},
  volume  = {7},
  year    = {2022}
}

@inproceedings{Miki2022b,
  author    = {Miki, Takahiro and 
               Wellhausen, Lorenz and 
               Grandia, Ruben and 
               Jenelten, Fabian and 
               Homberger, Timon and 
               Hutter, Marco},
  booktitle = iros,
  doi       = {10.1109/IROS47612.2022.9981507},
  pages     = {2273-2280},
  title     = {Elevation Mapping for Locomotion and Navigation using GPU},
  year      = {2022}
}

@inproceedings{Milford2004,
  author    = {Michael Milford and
               Gordon F. Wyeth and
               David Prasser},
  booktitle = icra,
  doi       = {10.1109/ROBOT.2004.1307183},
  pages     = {403--408},
  title     = {RatSLAM: a Hippocampal Model for Simultaneous Localization and Mapping},
  year      = {2004}
}

@inproceedings{Milford2012,
  author    = {Michael Milford and
               Gordon F. Wyeth},
  booktitle = icra,
  doi       = {10.1109/ICRA.2012.6224623},
  pages     = {1643--1649},
  title     = {SeqSLAM: Visual route-based navigation for sunny summer days and stormy winter nights},
  year      = {2012}
}

@phdthesis{Mishkin2021,
  address  = {Czech Republic},
  author   = {Dmytro Mishkin},
  language = {en},
  school   = {Czech Technical University},
  title    = {Learning and Crafting for the Wide Multiple Baseline Stereo},
  type     = {Doctoral Thesis},
  year     = {2021}
}
}

@article{Moravec1983,
  author  = {Hans P. Moravec},
  journal = ieee,
  pages   = {872-884},
  title   = {The Stanford Cart and the CMU Rover},
  volume  = {71},
  year    = {1983}
}

@inproceedings{Moravec1985,
  author    = {Moravec, Hans and Elfes, Alberto},
  booktitle = icra,
  doi       = {10.1109/ROBOT.1985.1087316},
  pages     = {116-121},
  title     = {High Resolution Maps from Wide Angle Sonar},
  year      = {1985}
}

@article{Mukadam2018,
  author  = {Mustafa Mukadam and
             Jing Dong and
             Xinyan Yan and
             Frank Dellaert and
             Byron Boots},
  doi     = {10.1177/0278364918790369},
  journal = ijrr,
  number  = {11},
  title   = {Continuous-time Gaussian process motion planning via probabilistic
             inference},
  volume  = {37},
  year    = {2018}
}

@article{Mukadam2019,
  address = {USA},
  author  = {Mukadam, Mustafa and
             Dong, Jing and 
             Dellaert, Frank and 
             Boots, Byron},
  doi     = {10.1007/s10514-018-9770-1},
  journal = auro,
  number  = {2},
  pages   = {415–434},
  title   = {{STEAP: Simultaneous Trajectory Estimation and Planning}},
  volume  = {43},
  year    = {2019}
}

@inproceedings{Mukadam2019b,
  author    = {Mustafa Mukadam and
               Ching{-}An Cheng and
               Dieter Fox and
               Byron Boots and
               Nathan D. Ratliff},
  booktitle = corl,
  pages     = {204--219},
  series    = {Proceedings of Machine Learning Research},
  title     = {Riemannian Motion Policy Fusion through Learnable Lyapunov Function
               Reshaping},
  volume    = {100},
  year      = {2019}
}

@article{MurArtal2015,
  author  = {Raul Mur{-}Artal and
             J. M. M. Montiel and
             Juan D. Tard{\'{o}}s},
  doi     = {10.1109/TRO.2015.2463671},
  journal = tro,
  number  = {5},
  pages   = {1147--1163},
  title   = {{ORB-SLAM:} {A} Versatile and Accurate Monocular {SLAM} System},
  volume  = {31},
  year    = {2015}
}

@article{MurArtal2017a,
  author  = {Raul Mur{-}Artal and
             Juan D. Tard{\'{o}}s},
  doi     = {10.1109/TRO.2017.2705103},
  journal = tro,
  number  = {5},
  pages   = {1255--1262},
  title   = {{ORB-SLAM2:} An Open-Source {SLAM} System for Monocular, Stereo, and
             {RGB-D} Cameras},
  volume  = {33},
  year    = {2017}
}

@article{MurArtal2017b,
  author  = {Raul Mur{-}Artal and
             Juan D. Tard{\'{o}}s},
  doi     = {10.1109/LRA.2017.2653359},
  journal = ral,
  number  = {2},
  pages   = {796--803},
  title   = {Visual-Inertial Monocular {SLAM} With Map Reuse},
  volume  = {2},
  year    = {2017}
}

@article{Murtiyoso2023,
  author    = {Arnadi Murtiyoso and Stefan Holm and Henri Riihim{\"a}ki and Anna Krucher and Holger Griess and Verena Christiane Griess and Janine Schweier},
  doi       = {10.1080/14942119.2023.2217065},
  journal   = {International Journal of Forest Engineering},
  number    = {0},
  pages     = {1-14},
  publisher = {Taylor & Francis},
  title     = {Virtual forests: a review on emerging questions in the use and application of 3D data in forestry},
  volume    = {0},
  year      = {2023}
}

% N
@article{Nakamura2017,
  author  = {Akihiro Nakamura and Roger L. Kitching and Min Cao and Thomas J. Creedy and Tom M. Fayle and Martin Freiberg and C.N. Hewitt and Takao Itioka and Lian Pin Koh and Keping Ma and Yadvinder Malhi and Andrew Mitchell and Vojtech Novotny and Claire M.P. Ozanne and Liang Song and Han Wang and Louise A. Ashton},
  doi     = {https://doi.org/10.1016/j.tree.2017.02.020},
  issn    = {0169-5347},
  journal = {Trends in Ecology \& Evolution},
  number  = {6},
  pages   = {438-451},
  title   = {Forests and Their Canopies: Achievements and Horizons in Canopy Science},
  volume  = {32},
  year    = {2017}
}

@article{Neubert2019,
  author  = {Peer Neubert and
             Stefan Schubert and
             Peter Protzel},
  doi     = {10.1007/s13218-019-00623-z},
  journal = {K{\"{u}}nstliche Intell.},
  number  = {4},
  pages   = {319--330},
  title   = {An Introduction to Hyperdimensional Computing for Robotics},
  volume  = {33},
  year    = {2019}
}

@inproceedings{Ng2000,
  author    = {Andrew Y. Ng and
               Stuart Russell},
  booktitle = icml,
  pages     = {663--670},
  title     = {Algorithms for Inverse Reinforcement Learning},
  year      = {2000}
}

@inproceedings{Norby2020,
  author    = {Joseph Norby and
               Aaron M. Johnson},
  booktitle = iros,
  doi       = {10.1109/IROS45743.2020.9341438},
  pages     = {3829--3836},
  title     = {Fast Global Motion Planning for Dynamic Legged Robots},
  year      = {2020}
}

% O
@inproceedings{OECD2021,
  author       = {{OECD}},
  booktitle    = {Meeting of the OECD Council at Ministerial Level},
  howpublished = {\url{https://www.oecd.org/mcm/MCM_2021_Part_2_%5BC-MIN_2021_16-FINAL.en%5D.pdf}},
  title        = {{Trust in Global Coperation - The Vision for the OECD for the Next Decade}},
  year         = {2021}
}

@inproceedings{Ondruska2015,
  author    = {Ondr{\'{u}}{\v{s}}ka, Peter and Gurəu, Corina and
               Marchegiani, Letizia and Tong, Chi Hay and
               Posner, Ingmar},
  booktitle = icra,
  doi       = {10.1109/ICRA.2015.7139866},
  isbn      = {9781479969234},
  issn      = {10504729},
  number    = {June},
  pages     = {4799--4806},
  title     = {{Scheduled perception for energy-efficient path
               following}},
  volume    = {2015-June},
  year      = {2015}
}

@inproceedings{Ordonez2013,
  author       = {Camilo Ordonez and Jacob Shill and Aaron Johnson and Jonathan Clark and Emmanuel Collins},
  booktitle    = {Unmanned Systems Technology XV},
  doi          = {10.1117/12.2016169},
  editor       = {Robert E. Karlsen and Douglas W. Gage and Charles M. Shoemaker and Grant R. Gerhart},
  organization = {International Society for Optics and Photonics},
  pages        = {87410Q},
  publisher    = {SPIE},
  title        = {{Terrain identification for RHex-type robots}},
  volume       = {8741},
  year         = {2013}
}


@article{Otsu2016,
  author  = {Otsu, Kyohei and Ono, Masahiro and Fuchs, Thomas J. and Baldwin, Ian and Kubota, Takashi},
  doi     = {10.1109/LRA.2016.2525040},
  journal = ral,
  number  = {2},
  pages   = {814-819},
  title   = {Autonomous Terrain Classification With Co- and Self-Training Approach},
  volume  = {1},
  year    = {2016}
}

% P
@inproceedings{Palazzo2020,
  author    = {Palazzo, Simone and 
               Guastella, Dario C. and 
               Cantelli, Luciano and 
               Spadaro, Paolo and 
               Rundo, Francesco and 
               Muscato, Giovanni and 
               Giordano, Daniela and 
               Spampinato, Concetto},
  booktitle = iros,
  doi       = {10.1109/IROS45743.2020.9341044},
  pages     = {10014–10021},
  title     = {Domain Adaptation for Outdoor Robot Traversability Estimation from RGB Data with Safety-Preserving Loss},
  year      = {2020}
}

@inproceedings{Pari2022,
  author    = {Jyothish Pari and
               Nur Muhammad (Mahi) Shafiullah and
               Sridhar Pandian Arunachalam and
               Lerrel Pinto},
  booktitle = rss,
  doi       = {10.15607/RSS.2022.XVIII.010},
  editor    = {Kris Hauser and
               Dylan A. Shell and
               Shoudong Huang},
  title     = {The Surprising Effectiveness of Representation Learning for Visual
               Imitation},
  year      = {2022}
}

@inproceedings{Pascoe2015,
  author    = {Geoffrey Pascoe and
               William P. Maddern and
               Alexander D. Stewart and
               Paul Newman},
  booktitle = icra,
  doi       = {10.1109/ICRA.2015.7140093},
  pages     = {6366--6373},
  title     = {{FARLAP:} Fast robust localisation using appearance priors},
  year      = {2015}
}

@inproceedings{Paszke2019,
  articleno = {721},
  author    = {Paszke, Adam and Gross, Sam and Massa, Francisco and Lerer, Adam and Bradbury, James and Chanan, Gregory and Killeen, Trevor and Lin, Zeming and Gimelshein, Natalia and Antiga, Luca and Desmaison, Alban and K\"{o}pf, Andreas and Yang, Edward and DeVito, Zach and Raison, Martin and Tejani, Alykhan and Chilamkurthy, Sasank and Steiner, Benoit and Fang, Lu and Bai, Junjie and Chintala, Soumith},
  booktitle = neurips,
  numpages  = {12},
  pages     = {8024--8035},
  title     = {PyTorch: An Imperative Style, High-Performance Deep Learning Library},
  year      = {2019}
}
@inproceedings{Paton2016,
  author    = {Michael Paton and
               Kirk MacTavish and
               Michael Warren and
               Timothy D. Barfoot},
  booktitle = iros,
  doi       = {10.1109/IROS.2016.7759303},
  pages     = {1918--1925},
  title     = {Bridging the appearance gap: Multi-experience localization for long-term
               visual teach and repeat},
  year      = {2016}
}

@inproceedings{Peng2023,
  author    = {Songyou Peng and Kyle Genova and Chiyu "Max" Jiang and Andrea Tagliasacchi and Marc Pollefeys and Thomas Funkhouser},
  booktitle = cvpr,
  title     = {{OpenScene: 3D Scene Understanding with Open Vocabularies}},
  year      = {2023}
}

@inproceedings{Pfeiffer2017,
  author    = {Mark Pfeiffer and
               Michael Schaeuble and
               Juan I. Nieto and
               Roland Siegwart and
               Cesar Cadena},
  booktitle = icra,
  doi       = {10.1109/ICRA.2017.7989182},
  pages     = {1527--1533},
  title     = {From perception to decision: {A} data-driven approach to end-to-end
               motion planning for autonomous ground robots},
  year      = {2017}
}

@article{Pierzchala2018,
  author   = {Pierzchała, Marek and Giguère, Philippe and Astrup, Rasmus},
  doi      = {10.1016/j.compag.2017.12.034},
  issn     = {01681699},
  journal  = {Computers and Electronics in Agriculture},
  language = {en},
  month    = feb,
  pages    = {217--225},
  title    = {Mapping forests using an unmanned ground vehicle with {3D} {LiDAR} and graph-{SLAM}},
  volume   = {145},
  year     = {2018}
}

@inproceedings{Pineda2022,
  author    = {Luis Pineda and
               Taosha Fan and
               Maurizio Monge and
               Shobha Venkataraman and
               Paloma Sodhi and
               Ricky T. Q. Chen and
               Joseph Ortiz and
               Daniel DeTone and
               Austin S. Wang and
               Stuart Anderson and
               Jing Dong and
               Brandon Amos and
               Mustafa Mukadam},
  booktitle = neurips,
  title     = {Theseus: {A} Library for Differentiable Nonlinear Optimization},
  year      = {2022}
}

@inproceedings{Piperakis2019,
  author    = {Stylianos Piperakis and
               Dimitrios Kanoulas and
               Nikos G. Tsagarakis and
               Panos E. Trahanias},
  booktitle = iros,
  doi       = {10.1109/IROS40897.2019.8968152},
  pages     = {706--713},
  title     = {Outlier-Robust State Estimation for Humanoid Robots\({}^{\mbox{*}}\)},
  year      = {2019}
}

@inproceedings{Pomerleau1988,
  author    = {Dean Pomerleau},
  booktitle = neurips,
  pages     = {305--313},
  title     = {{ALVINN:} An Autonomous Land Vehicle in a Neural Network},
  year      = {1988}
}

@inproceedings{Pomerleau1992,
  author    = {Dean Pomerleau},
  booktitle = neurips,
  pages     = {279--286},
  title     = {Input Reconstruction Reliability Estimation},
  year      = {1992}
}

@article{Proudman2022,
  author  = {Alexander Proudman and Milad Ramezani and Sundara Tejaswi Digumarti and Nived Chebrolu and Maurice Fallon},
  doi     = {https://doi.org/10.1016/j.robot.2022.104240},
  issn    = {0921-8890},
  journal = {Robotics and Autonomous Systems},
  pages   = {104240},
  title   = {Towards real-time forest inventory using handheld LiDAR},
  volume  = {157},
  year    = {2022}
}

% Q
@article{Qian2017,
  author  = {Feifei Qian and Douglas Jerolmack and Nicholas Lancaster and George Nikolich and Paul Reverdy and Sonia Roberts and Thomas Shipley and R. Scott {Van Pelt} and Ted M. Zobeck and Daniel E. Koditschek},
  doi     = {10.1016/j.aeolia.2017.04.004},
  issn    = {1875-9637},
  journal = {Aeolian Research},
  pages   = {1-11},
  title   = {Ground robotic measurement of aeolian processes},
  volume  = {27},
  year    = {2017}
}

@article{Qian2019,
  author  = {Qian, Feifei and Lee, Dylan and Nikolich, George and Koditschek, Daniel and Jerolmack, Douglas},
  doi     = {10.1029/2018JF004887},
  journal = {Journal of Geophysical Research: Earth Surface},
  number  = {5},
  pages   = {1261-1280},
  title   = {Rapid In Situ Characterization of Soil Erodibility With a Field Deployable Robot},
  volume  = {124},
  year    = {2019}
}

@article{Qian2020,
  author  = {Feifei Qian and
             Daniel E. Koditschek},
  doi     = {10.1177/0278364920935514},
  journal = ijrr,
  number  = {13},
  title   = {An obstacle disturbance selection framework: emergent robot steady
             states under repeated collisions},
  volume  = {39},
  year    = {2020}
}


@inproceedings{Quigley2009,
  author    = {Morgan Quigley and Brian Gerkey and Ken Conley and Josh Faust and Tully Foote and Jeremy Leibs and Eric Berger and Rob Wheeler and Andrew Ng},
  booktitle = {ICRA Workshop on Open Source Software},
  title     = {ROS: an open-source Robot Operating System},
  year      = {2009}
}

@inproceedings{Quinlan1993,
  author    = {Sean Quinlan and
               Oussama Khatib},
  booktitle = icra,
  doi       = {10.1109/ROBOT.1993.291936},
  pages     = {802--807},
  title     = {Elastic Bands: Connecting Path Planning and Control},
  year      = {1993}
}

% R
@inproceedings{Radford2021,
  author    = {Alec Radford and
               Jong Wook Kim and
               Chris Hallacy and
               Aditya Ramesh and
               Gabriel Goh and
               Sandhini Agarwal and
               Girish Sastry and
               Amanda Askell and
               Pamela Mishkin and
               Jack Clark and
               Gretchen Krueger and
               Ilya Sutskever},
  booktitle = icml,
  editor    = {Marina Meila and
               Tong Zhang},
  pages     = {8748--8763},
  publisher = {{PMLR}},
  series    = {Proceedings of Machine Learning Research},
  title     = {Learning Transferable Visual Models From Natural Language Supervision},
  volume    = {139},
  year      = {2021}
}

@inproceedings{Ramezani2020a,
  author    = {Ramezani, Milad and Tinchev, Georgi and Iuganov, Egor and Fallon, 
               Maurice},
  booktitle = icra,
  doi       = {10.1109/ICRA40945.2020.9196769},
  number    = {},
  pages     = {4158-4164},
  title     = {{Online LiDAR-SLAM for Legged Robots with Robust Registration and Deep-Learned Loop Closure}},
  volume    = {},
  year      = {2020}
}

@inproceedings{Ramezani2020b,
  author    = {Ramezani, Milad and Wang, Yiduo and Camurri, Marco and Wisth, David 
               and Mattamala, Matias and Fallon, Maurice},
  booktitle = iros,
  doi       = {10.1109/IROS45743.2020.9340849},
  number    = {},
  pages     = {4353-4360},
  title     = {{The Newer College Dataset: Handheld LiDAR, Inertial and Vision with 
               Ground Truth}},
  volume    = {},
  year      = {2020}
}

@article{Ramezani2022,
  author  = {Ramezani, Milad and Mattamala, Matias and Fallon, Maurice},
  doi     = {10.3389/frobt.2022.789444},
  issn    = {2296-9144},
  journal = {Frontiers in Robotics and AI},
  title   = {{AEROS: AdaptivE RObust Least-Squares for Graph-Based SLAM}},
  volume  = {9},
  year    = {2022}
}

@inproceedings{Ramos2015,
  author    = {Fabio Tozeto Ramos and
               Lionel Ott},
  booktitle = rss,
  doi       = {10.15607/RSS.2015.XI.002},
  title     = {Hilbert maps: scalable continuous occupancy mapping with stochastic
               gradient descent},
  year      = {2015}
}

@inproceedings{Ratliff2006,
  author    = {Ratliff, Nathan D. and Bagnell, J. Andrew and Zinkevich, Martin A.},
  booktitle = icml,
  doi       = {10.1145/1143844.1143936},
  pages     = {729–736},
  series    = {{ACM} International Conference Proceeding Series},
  title     = {Maximum Margin Planning},
  volume    = {148},
  year      = {2006}
}

@article{Ratliff2018,
  author     = {Nathan D. Ratliff and
                Jan Issac and
                Daniel Kappler},
  eprint     = {1801.02854},
  eprinttype = {arXiv},
  journal    = {CoRR},
  title      = {Riemannian Motion Policies},
  volume     = {abs/1801.02854},
  year       = {2018}
}

@inproceedings{Rehder2016,
  author    = {Rehder, Joern and 
               Nikolic, Janosch and 
               Schneider, Thomas and 
               Hinzmann, Timo and
               Siegwart, Roland},
  booktitle = icra,
  doi       = {10.1109/ICRA.2016.7487628},
  pages     = {4304--4311},
  title     = {Extending kalibr: Calibrating the extrinsics of multiple IMUs and of individual axes},
  year      = {2016}
}

@inproceedings{Revaud2019,
  author    = {Revaud, Jerome and 
               De Souza, Cesar and 
               Humenberger, Martin and 
               Weinzaepfel, Philippe},
  booktitle = neurips,
  pages     = {12405--12415},
  title     = {R2D2: Reliable and Repeatable Detector and Descriptor},
  volume    = {32},
  year      = {2019}
}

@inproceedings{Richter2017,
  author    = {Charles Richter and
               Nicholas Roy},
  booktitle = rss,
  doi       = {10.15607/RSS.2017.XIII.064},
  title     = {Safe Visual Navigation via Deep Learning and Novelty Detection},
  year      = {2017}
}

@inproceedings{Rossmann2009,
  author    = {Rossmann, Juergen and Schluse, Michael and Schlette, Christian and Buecken, Arno and Krahwinkler, Petra and Emde, Markus},
  booktitle = {2009 {International} {Conference} on {Advanced} {Robotics}},
  month     = jun,
  pages     = {1--6},
  title     = {Realization of a highly accurate mobile robot system for multi purpose precision forestry applications},
  year      = {2009}
}

@article{Roy2021,
  author     = {Nicholas Roy and
                Ingmar Posner and
                Tim D. Barfoot and
                Philippe Beaudoin and
                Yoshua Bengio and
                Jeannette Bohg and
                Oliver Brock and
                Isabelle Depatie and
                Dieter Fox and
                Daniel E. Koditschek and
                Tom{\'{a}}s Lozano{-}P{\'{e}}rez and
                Vikash Mansinghka and
                Christopher J. Pal and
                Blake A. Richards and
                Dorsa Sadigh and
                Stefan Schaal and
                Gaurav S. Sukhatme and
                Denis Th{\'{e}}rien and
                Marc Toussaint and
                Michiel van de Panne},
  eprint     = {2110.15245},
  eprinttype = {arXiv},
  journal    = {CoRR},
  title      = {From Machine Learning to Robotics: Challenges and Opportunities for
                Embodied Intelligence},
  volume     = {abs/2110.15245},
  year       = {2021}
}

@inproceedings{Rublee2011,
  author    = {Ethan Rublee and
               Vincent Rabaud and
               Kurt Konolige and
               Gary R. Bradski},
  booktitle = iccv,
  doi       = {10.1109/ICCV.2011.6126544},
  pages     = {2564--2571},
  title     = {{ORB:} An efficient alternative to {SIFT} or {SURF}},
  year      = {2011}
}

@inproceedings{Rudin2022,
  author    = {Nikita Rudin and
               David Hoeller and
               Marko Bjelonic and
               Marco Hutter},
  booktitle = iros,
  doi       = {10.1109/IROS47612.2022.9981198},
  pages     = {2497--2503},
  title     = {Advanced Skills by Learning Locomotion and Local Navigation End-to-End},
  year      = {2022}
}

@misc{Ruetz2023,
  author     = {Fabio Ruetz and 
                Nicholas Lawrance and 
                Emili Hernández and 
                Paulo Borges and
                Thierry Peynot},
  doi        = {10.48550/arXiv.2305.12705},
  eprint     = {2305.12705},
  eprinttype = {arXiv},
  journal    = {CoRR},
  title      = {ForestTrav: Accurate, Efficient and Deployable Forest Traversability Estimation for Autonomous Ground Vehicles},
  year       = {2023}
}


@article{Rusu2010,
  author   = {Rusu, Radu Bogdan},
  doi      = {10.1007/s13218-010-0059-6},
  issn     = {0933-1875, 1610-1987},
  journal  = {KI - Künstliche Intelligenz},
  language = {en},
  month    = nov,
  number   = {4},
  pages    = {345--348},
  title    = {Semantic {3D} {Object} {Maps} for {Everyday} {Manipulation} in {Human} {Living} {Environments}},
  volume   = {24},
  year     = {2010}
}


% S
@article{Saranli2001,
  author  = {Uluc Saranli and
             Martin Buehler and
             Daniel E. Koditschek},
  doi     = {10.1177/02783640122067570},
  journal = ijrr,
  number  = {7},
  pages   = {616--631},
  title   = {RHex: {A} Simple and Highly Mobile Hexapod Robot},
  volume  = {20},
  year    = {2001}
}

@inproceedings{Sarlin2019,
  author    = {Paul{-}Edouard Sarlin and
               Cesar Cadena and
               Roland Siegwart and
               Marcin Dymczyk},
  booktitle = cvpr,
  doi       = {10.1109/CVPR.2019.01300},
  pages     = {12716--12725},
  title     = {From Coarse to Fine: Robust Hierarchical Localization at Large Scale},
  year      = {2019}
}

@inproceedings{Sarlin2020,
  author    = {Paul-Edouard Sarlin and Daniel DeTone and Tomasz Malisiewicz and
               Andrew Rabinovich},
  booktitle = cvpr,
  doi       = {10.1109/CVPR42600.2020.00499},
  pages     = {4937--4946},
  title     = {SuperGlue: Learning Feature Matching with Graph Neural Networks},
  year      = {2020}
}

@inproceedings{Sarlin2021,
  author    = {Paul{-}Edouard Sarlin and
               Ajaykumar Unagar and
               M{\aa}ns Larsson and
               Hugo Germain and
               Carl Toft and
               Viktor Larsson and
               Marc Pollefeys and
               Vincent Lepetit and
               Lars Hammarstrand and
               Fredrik Kahl and
               Torsten Sattler},
  booktitle = cvpr,
  doi       = {10.1109/CVPR46437.2021.00326},
  pages     = {3247--3257},
  title     = {Back to the Feature: Learning Robust Camera Localization From Pixels
               To Pose},
  year      = {2021}
}

@inproceedings{Sathyamoorthy2022,
  author    = {Sathyamoorthy, Adarsh Jagan and Weerakoon, Kasun and Guan, Tianrui and Liang, Jing and Manocha, Dinesh},
  booktitle = iros,
  doi       = {10.1109/IROS47612.2022.9981942},
  pages     = {7197-7204},
  title     = {TerraPN: Unstructured Terrain Navigation using Online Self-Supervised Learning},
  year      = {2022}
}

@misc{Sathyamoorthy2023,
  archiveprefix = {arXiv},
  author        = {Adarsh Jagan Sathyamoorthy and Kasun Weerakoon and Tianrui Guan and Mason Russell and Damon Conover and Jason Pusey and Dinesh Manocha},
  eprint        = {2303.14502},
  primaryclass  = {cs.RO},
  title         = {VERN: Vegetation-aware Robot Navigation in Dense Unstructured Outdoor Environments},
  year          = {2023}
}

@article{Schedl2021,
  author  = {D. C. Schedl  and I. Kurmi  and O. Bimber },
  doi     = {10.1126/scirobotics.abg1188},
  journal = scirob,
  number  = {55},
  pages   = {eabg1188},
  title   = {An autonomous drone for search and rescue in forests using airborne optical sectioning},
  volume  = {6},
  year    = {2021}
}

@inproceedings{Schilling2017,
  author    = {Schilling, Fabian and Chen, Xi and Folkesson, John and Jensfelt, Patric},
  booktitle = iros,
  doi       = {10.1109/IROS.2017.8206092},
  number    = {},
  pages     = {2678-2684},
  title     = {Geometric and Visual Terrain Classification for Autonomous Mobile Navigation},
  year      = {2017}
}

@article{Schneider2018,
  author  = {Thomas Schneider and
             Marcin Dymczyk and
             Marius Fehr and
             Kevin Egger and
             Simon Lynen and
             Igor Gilitschenski and
             Roland Siegwart},
  doi     = {10.1109/LRA.2018.2800113},
  journal = ral,
  number  = {2},
  pages   = {1418--1425},
  title   = {Maplab: An Open Framework for Research in Visual-Inertial Mapping
             and Localization},
  volume  = {3},
  year    = {2018}
}

@conference{Scholtz2003,
  author    = {Jean Scholtz and Brian Antonishek and J Young},
  publisher = {Performanced Metrics for Intelligent Systems (PerMIS) Workshop},
  title     = {Evaluation of Operator Interventions in Autonomous Off-Road Driving},
  url       = {https://tsapps.nist.gov/publication/get_pdf.cfm?pub_id=50771},
  year      = {2003}
}

@inproceedings{Schonberger2016,
  author    = {Schonberger, Johannes L and Frahm, Jan-Michael},
  booktitle = cvpr,
  doi       = {10.1109/CVPR.2016.445},
  pages     = {4104--4113},
  title     = {Structure-from-motion revisited},
  year      = {2016}
}

@article{Schubert2023,
  author  = {Schubert, Stefan and Neubert, Peer and Garg, Sourav and Milford, Michael and Fischer, Tobias},
  journal = {arXiv preprint arXiv:2303.03281},
  title   = {Visual Place Recognition: A Tutorial},
  year    = {2023}
}

@article{Schweier2019,
  author  = {Schweier, Janine and Magagnotti, Natascia and Labelle, Eric R. and Athanassiadis, Dimitris},
  doi     = {10.1007/s40725-019-00091-6},
  id      = {Schweier2019},
  isbn    = {2198-6436},
  journal = {Current Forestry Reports},
  number  = {3},
  pages   = {101--113},
  title   = {Sustainability Impact Assessment of Forest Operations: a Review},
  volume  = {5},
  year    = {2019}
}


@article{Segura2014,
  author     = {Segura, Marina and Ray, Duncan and Maroto, Concepción},
  doi        = {10.1016/j.compag.2013.12.005},
  issn       = {01681699},
  journal    = {Computers and Electronics in Agriculture},
  language   = {en},
  month      = feb,
  pages      = {55--67},
  shorttitle = {Decision support systems for forest management},
  title      = {Decision support systems for forest management: {A} comparative analysis and assessment},
  volume     = {101},
  year       = {2014}
}


@inproceedings{Sehn2023,
  author    = {Jordy Sehn and
               Yuchen Wu and
               Timothy D. Barfoot},
  booktitle = icra,
  doi       = {10.48550/arXiv.2211.02047},
  title     = {Along Similar Lines: Local Obstacle Avoidance for Long-term Autonomous
               Path Following},
  year      = {2023}
}

@article{Seo2023a,
  author  = {Seo, Junwon and Kim, Taekyung and Kwak, Kiho and Min, Jihong and Shim, Inwook},
  doi     = {10.1109/LRA.2023.3234768},
  journal = ral,
  number  = {2},
  pages   = {888-895},
  title   = {ScaTE: A Scalable Framework for Self- Supervised Traversability Estimation in Unstructured Environments},
  volume  = {8},
  year    = {2023}
}

@article{Seo2023b,
  author  = {Seo, Junwon and Sim, Sungdae and Shim, Inwook},
  doi     = {10.1109/LRA.2023.3284356},
  journal = ral,
  number  = {},
  pages   = {1-8},
  title   = {Learning Off-Road Terrain Traversability with Self-Supervisions Only},
  volume  = {},
  year    = {2023}
}

@article{Sethian1996,
  author    = {Sethian, J A},
  doi       = {10.1073/pnas.93.4.1591},
  journal   = pnas,
  number    = {4},
  pages     = {1591--1595},
  publisher = {National Academy of Sciences},
  title     = {A Fast Marching Level Set Method for Monotonically Advancing Fronts},
  volume    = {93},
  year      = {1996}
}

@inproceedings{Shaban2022,
  author    = {Shaban, Amirreza and Meng, Xiangyun and Lee, JoonHo and Boots, Byron and Fox, Dieter},
  booktitle = corl,
  pages     = {619--629},
  series    = {Proceedings of Machine Learning Research},
  title     = {{Semantic Terrain Classification for Off-Road Autonomous Driving}},
  volume    = {164},
  year      = {2022}
}

@article{Shah2020,
  author  = {Kunal Shah  and Grant Ballard  and Annie Schmidt  and Mac Schwager },
  doi     = {10.1126/scirobotics.abc3000},
  journal = scirob,
  number  = {47},
  pages   = {eabc3000},
  title   = {Multidrone aerial surveys of penguin colonies in Antarctica},
  volume  = {5},
  year    = {2020}
}

@article{Sibley2010,
  author  = {Gabe Sibley and
             Larry H. Matthies and
             Gaurav S. Sukhatme},
  doi     = {10.1002/rob.20360},
  journal = jfr,
  number  = {5},
  pages   = {587--608},
  title   = {Sliding window filter with application to planetary landing},
  volume  = {27},
  year    = {2010}
}

@inproceedings{Simhon1998,
  author    = {Simhon, Saul and Dudek, Gregory},
  booktitle = iros,
  doi       = {10.1109/IROS.1998.724844},
  number    = {},
  pages     = {1708-1714 vol.3},
  title     = {A global topological map formed by local metric maps},
  volume    = {3},
  year      = {1998}
}


@inproceedings{Siekmann2021,
  author    = {Jonah Siekmann and Kevin R. Green and John Warila and Alan Fern and Jonathan W. Hurst},
  booktitle = rss,
  doi       = {10.15607/RSS.2021.XVII.061},
  title     = {Blind Bipedal Stair Traversal via Sim-to-Real Reinforcement Learning},
  year      = {2021}
}

@inproceedings{Sofman2006,
  author    = {Boris Sofman and
               Ellie Lin and
               J. Andrew Bagnell and
               Nicolas Vandapel and
               Anthony Stentz},
  booktitle = rss,
  doi       = {10.15607/RSS.2006.II.004},
  title     = {Improving Robot Navigation Through Self-Supervised Online Learning},
  year      = {2006}
}

@article{Sola2018,
  archiveprefix = {arXiv},
  arxivid       = {1812.01537},
  author        = {Sol{\`{a}}, Joan and Deray, Jeremie and Atchuthan, Dinesh},
  journal       = {arXiv},
  title         = {{A Micro Lie Theory for State Estimation in Robotics}},
  year          = {2018}
}

@inbook{Stachniss2016,
  address   = {Cham},
  author    = {Stachniss, Cyrill
               and Leonard, John J.
               and Thrun, Sebastian},
  booktitle = {Springer Handbook of Robotics},
  doi       = {10.1007/978-3-319-32552-1_46},
  isbn      = {978-3-319-32552-1},
  pages     = {1153--1176},
  publisher = {Springer International Publishing},
  title     = {Simultaneous Localization and Mapping},
  year      = {2016}
}

@inproceedings{Steinfeld2006,
  author    = {Aaron Steinfeld and
               Terrence Fong and
               David B. Kaber and
               Michael Lewis and
               Jean Scholtz and
               Alan C. Schultz and
               Michael A. Goodrich},
  booktitle = hri,
  doi       = {10.1145/1121241.1121249},
  editor    = {Michael A. Goodrich and
               Alan C. Schultz and
               David J. Bruemmer},
  pages     = {33--40},
  title     = {Common metrics for human-robot interaction},
  year      = {2006}
}

@inproceedings{Sun2021,
  author    = {Li Sun and Marwan Taher and Christopher Wild and Cheng Zhao and 
               Filip Majer and Yan Zhi and Krajnk Tomas and Tony Prescott and Tom Duckett},
  booktitle = iros,
  doi       = {10.1109/IROS51168.2021.9635886},
  pages     = {2635--2642},
  title     = {{Robust and long-term monocular teach-and-repeat navigation using a 
               single-experience map}},
  year      = {2021}
}

@article{Sunderhauf2018,
  author  = {Niko S{\"{u}}nderhauf and
             Oliver Brock and
             Walter J. Scheirer and
             Raia Hadsell and
             Dieter Fox and
             J{\"{u}}rgen Leitner and
             Ben Upcroft and
             Pieter Abbeel and
             Wolfram Burgard and
             Michael Milford and
             Peter Corke},
  doi     = {10.1177/0278364918770733},
  journal = ijrr,
  number  = {4-5},
  pages   = {405--420},
  title   = {The limits and potentials of deep learning for robotics},
  volume  = {37},
  year    = {2018}
}

@article{Symes2018,
  author  = {Symes, William S. and Edwards, David P. and Miettinen, Jukka and Rheindt, Frank E. and Carrasco, L. Roman},
  doi     = {10.1038/s41467-018-06579-2},
  id      = {Symes2018},
  isbn    = {2041-1723},
  journal = {Nature Communications},
  number  = {1},
  pages   = {4052},
  title   = {Combined impacts of deforestation and wildlife trade on tropical biodiversity are severely underestimated},
  volume  = {9},
  year    = {2018}
}

@book{Szeliski2022,
  author    = {Szeliski, Richard},
  doi       = {10.1007/978-3-030-34372-9},
  isbn      = {978-3-030-34371-2},
  publisher = {Springer International Publishing},
  series    = {Texts in Computer Science},
  title     = {Computer Vision - Algorithms and Applications, Second Edition},
  year      = {2022}
}


% T
@inproceedings{Tan19,
  author    = {Mingxing Tan and
               Quoc V. Le},
  booktitle = icml,
  pages     = {6105--6114},
  publisher = {{PMLR}},
  series    = {Proceedings of Machine Learning Research},
  title     = {EfficientNet: Rethinking Model Scaling for Convolutional Neural Networks},
  volume    = {97},
  year      = {2019}
}

@article{Tang2015,
  author   = {Tang, Jian and Chen, Yuwei and Kukko, Antero and Kaartinen, Harri and Jaakkola, Anttoni and Khoramshahi, Ehsan and Hakala, Teemu and Hyyppä, Juha and Holopainen, Markus and Hyyppä, Hannu},
  doi      = {10.3390/f6124390},
  issn     = {1999-4907},
  journal  = {Forests},
  language = {en},
  month    = dec,
  number   = {12},
  pages    = {4588--4606},
  title    = {{SLAM}-{Aided} {Stem} {Mapping} for {Forest} {Inventory} with {Small}-{Footprint} {Mobile} {LiDAR}},
  volume   = {6},
  year     = {2015}
}

@inproceedings{Thomas2022,
  author    = {Hugues Thomas and
               Matthieu Gallet de Saint Aurin and
               Jian Zhang and
               Timothy D. Barfoot},
  booktitle = icra,
  doi       = {10.1109/ICRA46639.2022.9812297},
  pages     = {484--490},
  title     = {Learning Spatiotemporal Occupancy Grid Maps for Lifelong Navigation
               in Dynamic Scenes},
  year      = {2022}
}

@inproceedings{Thrun1996,
  author    = {Sebastian Thrun and
               Arno B{\"{u}}cken},
  booktitle = aaai,
  editor    = {William J. Clancey and
               Daniel S. Weld},
  pages     = {944--950},
  publisher = {{AAAI} Press / The {MIT} Press},
  title     = {Integrating Grid-Based and Topological Maps for Mobile Robot Navigation},
  year      = {1996}
}

@inproceedings{Thrun1998,
  author    = {Sebastian Thrun and
               Jens{-}Steffen Gutmann and
               Dieter Fox and
               Wolfram Burgard and
               Benjamin Kuipers},
  booktitle = aaai,
  pages     = {989--995},
  publisher = {{AAAI} Press / The {MIT} Press},
  title     = {Integrating Topological and Metric Maps for Mobile Robot Navigation:
               {A} Statistical Approach},
  year      = {1998}
}

@inbook{Todd1985,
  address   = {Boston, MA},
  author    = {Todd, D. J.},
  booktitle = {Walking Machines: An Introduction to Legged Robots},
  doi       = {10.1007/978-1-4684-6858-8_8},
  isbn      = {978-1-4684-6858-8},
  pages     = {169--177},
  publisher = {Springer US},
  title     = {Applications of walking machines},
  year      = {1985}
}

@incollection{Toussaint2017,
  author    = {Toussaint, Marc},
  booktitle = {{Geometric and Numerical Foundations of Movements}},
  doi       = {10.1007/978-3-319-51547-2\_15},
  editor    = {Laumond, Jean-Paul and Mansard, Nicolas and Lasserre, Jean-Bernard},
  pages     = {361--392},
  publisher = {Springer International Publishing},
  series    = {Springer Tracts in Advanced Robotics},
  title     = {A Tutorial on Newton Methods for Constrained Trajectory Optimization and Relations to SLAM, Gaussian Process Smoothing, Optimal Control, and Probabilistic Inference},
  year      = {2017}
}

@inproceedings{Todorov2008,
  author    = {Todorov, Emanuel},
  booktitle = cdc,
  number    = {},
  pages     = {4286-4292},
  title     = {General duality between optimal control and estimation},
  volume    = {},
  year      = {2008}
}

@inproceedings{Tominaga2018,
  address   = {Toyama, Japan},
  author    = {Tominaga, Ayumu and Eiji, Hayashi and Mowshowitz, Abbe},
  booktitle = {2018 {Joint} 10th {International} {Conference} on {Soft} {Computing} and {Intelligent} {Systems} ({SCIS}) and 19th {International} {Symposium} on {Advanced} {Intelligent} {Systems} ({ISIS})},
  doi       = {10.1109/SCIS-ISIS.2018.00180},
  isbn      = {978-1-5386-2633-7},
  language  = {en},
  month     = dec,
  pages     = {1142--1147},
  title     = {Development of {Navigation} {System} in {Field} {Robot} for {Forest} {Management}},
  year      = {2018}
}

@article{Tranzatto2022,
  author  = {Marco Tranzatto and
             Takahiro Miki and
             Mihir Dharmadhikari and
             Lukas Bernreiter and
             Mihir Kulkarni and
             Frank Mascarich and
             Olov Andersson and
             Shehryar Khattak and
             Marco Hutter and
             Roland Siegwart and
             Kostas Alexis},
  doi     = {10.1126/scirobotics.abp9742},
  journal = scirob,
  number  = {66},
  title   = {{CERBERUS} in the {DARPA} Subterranean Challenge},
  volume  = {7},
  year    = {2022}
}

@article{Tranzatto2023,
  author  = {Marco Tranzatto and Mihir Dharmadhikari and Lukas Bernreiter and Marco Camurri and Shehryar Khattak and Frank Mascarich and Patrick Pfreundschuh and David Wisth and Samuel Zimmermann and Mihir Kulkarni and Victor Reijgwart and Benoit Casseau and Timon Homberger and Paolo De Petris and Lionel Ott and Wayne Tubby and Gabriel Waibel and Huan Nguyen and Cesar Cadena and Russell Buchanan and Lorenz Wellhausen and Nikhil Khedekar and Olov Andersson and Lintong Zhang and Takahiro Miki and Tung Dang and Matias Mattamala and Markus Montenegro and Konrad Meyer and Xiangyu Wu and Adrien Briod and Mark Mueller and Maurice Fallon and Roland Siegwart and Marco Hutter and Kostas Alexis},
  journal = fr,
  title   = {{Team {CERBERUS} Wins the {DARPA} Subterranean Challenge: Technical Overview and Lessons Learned}},
  volume  = {abs/2201.07067},
  year    = {2023}
}

@article{Tremblay2020,
  author  = {Tremblay, Jean-François and Béland, Martin and Gagnon, Richard and Pomerleau, François and Giguère, Philippe},
  doi     = {https://doi.org/10.1002/rob.21980},
  journal = jfr,
  number  = {8},
  pages   = {1328-1346},
  title   = {Automatic three-dimensional mapping for tree diameter measurements in inventory operations},
  volume  = {37},
  year    = {2020}
}

@inbook{Tsubouchi2014,
  address   = {Berlin, Heidelberg},
  author    = {Tsubouchi, Takashi
               and Asano, Asuka
               and Mochizuki, Toshihiko
               and Kondou, Shuhei
               and Shiozawa, Keiko
               and Matsumoto, Mitsuhiro
               and Tomimura, Shuhei
               and Nakanishi, Shuichi
               and Mochizuki, Akiko
               and Chiba, Yukihiro
               and Sasaki, Kouji
               and Hayami, Toru},
  booktitle = {Field and Service Robotics: Results of the 8th International Conference},
  doi       = {10.1007/978-3-642-40686-7_24},
  editor    = {Yoshida, Kazuya
               and Tadokoro, Satoshi},
  isbn      = {978-3-642-40686-7},
  pages     = {357--368},
  publisher = {Springer Berlin Heidelberg},
  title     = {Forest 3D Mapping and Tree Sizes Measurement for Forest Management Based on Sensing Technology for Mobile Robots},
  year      = {2014}
}

@article{Tyszkiewicz2020,
  author  = {Tyszkiewicz, Micha{\l} and Fua, Pascal and Trulls, Eduard},
  journal = neurips,
  title   = {{DISK:} Learning local features with policy gradient},
  year    = {2020}
}

% U
@article{Ullman1979,
  author  = {Ullman, Shimon},
  doi     = {10.1098/rspb.1979.0006},
  journal = {Proceedings of the Royal Society of London. Series B. Biological Sciences},
  number  = {1153},
  pages   = {405-426},
  title   = {The interpretation of structure from motion},
  volume  = {203},
  year    = {1979}
}

@inproceedings{Ulrich2000,
  author    = {Ulrich, I. and Nourbakhsh, I.},
  booktitle = icra,
  doi       = {10.1109/ROBOT.2000.844734},
  number    = {},
  pages     = {1023-1029 vol.2},
  title     = {Appearance-based place recognition for topological localization},
  volume    = {2},
  year      = {2000}
}

@misc{UNDP2021,
  author = {{United Nations Development Programme}},
  title  = {{Strategic Plan 2022-2025}},
  year   = {2021}
}

@misc{UN2019,
  author = {{United Nations}},
  title  = {{United Nations Strategic Plan for Forests 2017–2030}},
  url    = {https://www.un.org/esa/forests/documents/un-strategic-plan-for-forests-2030/index.html},
  year   = {2019}
}

@misc{UN2021,
  author = {{United Nations Department of Economic and Social Affairs, United Nations Forum on Forests Secretariat}},
  title  = {{The Global Forest Goals Report 2021}},
  url    = {https://www.un.org/esa/forests/outreach/global-forests-goal-report-2021/index.html},
  year   = {2021}
}

% V
@article{Vasilopoulos2020,
  author  = {Vasilopoulos, Vasileios and Pavlakos, Georgios and Bowman, Sean 
             L. and Caporale, J. Diego and Daniilidis, Kostas and Pappas, George J. and 
             Koditschek, Daniel E.},
  doi     = {10.1109/LRA.2020.3001496},
  journal = ral,
  number  = {3},
  pages   = {4455-4462},
  title   = {Reactive Semantic Planning in Unexplored Semantic Environments Using Deep Perceptual Feedback},
  volume  = {5},
  year    = {2020}
}

@article{ValeroGomez2013,
  author  = {Alberto Valero{-}Gomez and
             Javier V. G{\'{o}}mez and
             Santiago Garrido and
             Luis Moreno},
  doi     = {10.1109/MRA.2013.2248309},
  journal = ram,
  number  = {4},
  pages   = {111--120},
  title   = {The Path to Efficiency: Fast Marching Method for Safer, More Efficient
             Mobile Robot Trajectories},
  volume  = {20},
  year    = {2013}
}

@article{VanWyk2022,
  author  = {Karl Van Wyk and
             Mandy Xie and
             Anqi Li and
             Muhammad Asif Rana and
             Buck Babich and
             Bryan Peele and
             Qian Wan and
             Iretiayo Akinola and
             Balakumar Sundaralingam and
             Dieter Fox and
             Byron Boots and
             Nathan D. Ratliff},
  doi     = {10.1109/LRA.2022.3143311},
  journal = ral,
  number  = {2},
  pages   = {3202--3209},
  title   = {Geometric Fabrics: Generalizing Classical Mechanics to Capture the
             Physics of Behavior},
  volume  = {7},
  year    = {2022}
}

@article{VonStumberg2020,
  author  = {Lukas von Stumberg and
             Patrick Wenzel and
             Qadeer Khan and
             Daniel Cremers},
  doi     = {10.1109/LRA.2020.2965031},
  journal = ral,
  number  = {2},
  pages   = {890--897},
  title   = {GN-Net: The Gauss-Newton Loss for Multi-Weather Relocalization},
  volume  = {5},
  year    = {2020}
}

@article{Vysotska2019,
  author  = {Vysotska, Olga and Stachniss, Cyrill},
  doi     = {10.1109/LRA.2019.2897160},
  journal = ral,
  number  = {2},
  pages   = {1730--1736},
  title   = {Effective visual place recognition using multi-sequence maps},
  volume  = {4},
  year    = {2019}
}

% W
@inproceedings{Wang2021,
  author    = {Wang, Yiduo and Ramezani, Milad and Mattamala, Matias and Fallon, 
               Maurice},
  booktitle = ecmr,
  doi       = {10.1109/ECMR50962.2021.9568844},
  number    = {},
  pages     = {1-8},
  title     = {{Scalable and Elastic LiDAR Reconstruction in Complex Environments 
               Through Spatial Analysis}},
  volume    = {},
  year      = {2021}
}

@article{Wang2022,
  author  = {Yiduo Wang and Milad Ramezani and Matias Mattamala and Sundara Tejaswi Digumarti and Maurice Fallon},
  doi     = {doi.org/10.1016/j.robot.2022.104185},
  issn    = {0921-8890},
  journal = ras,
  pages   = {104185},
  title   = {Strategies for large scale elastic and semantic LiDAR reconstruction},
  volume  = {155},
  year    = {2022}
}

@article{Wellhausen2019,
  author  = {Wellhausen, Lorenz and Dosovitskiy, Alexey and Ranftl, René and Walas, Krzysztof and Cadena, Cesar and Hutter, Marco},
  doi     = {10.1109/LRA.2019.2895390},
  journal = ral,
  number  = {2},
  pages   = {1509--1516},
  title   = {Where Should I Walk? Predicting Terrain Properties from Images via Self-Supervised Learning},
  volume  = {4},
  year    = {2019}
}

@article{Wellhausen2020,
  author  = {Wellhausen, Lorenz and Ranftl, René and Hutter, Marco},
  doi     = {10.1109/LRA.2020.2967706},
  journal = ral,
  number  = {2},
  pages   = {1326--1333},
  title   = {Safe Robot Navigation Via Multi-Modal Anomaly Detection},
  volume  = {5},
  year    = {2020}
}

@inproceedings{Wellhausen2021,
  author    = {Wellhausen, Lorenz and Hutter, Marco},
  booktitle = iros,
  doi       = {10.1109/IROS51168.2021.9636358},
  optpages  = {6914-6921},
  title     = {{Rough Terrain Navigation for Legged Robots using Reachability Planning and Template Learning}},
  year      = {2021}
}

@phdthesis{Wellhausen2022,
  address   = {Zurich},
  author    = {Wellhausen, Lorenz},
  copyright = {In Copyright - Non-Commercial Use Permitted},
  doi       = {10.3929/ethz-b-000584934},
  keywords  = {Robotics; Navigation; Self-supervised learning; Anomaly Detection; Legged Robotics},
  language  = {en},
  publisher = {ETH Zurich},
  school    = {ETH Zurich},
  size      = {134 p.},
  title     = {Towards Autonomous Legged Robot Navigation in Natural, Unstructured Environments},
  type      = {Doctoral Thesis},
  year      = {2022}
}

@article{Wellhausen2023,
  author  = {Lorenz Wellhausen and
             Marco Hutter},
  journal = fr,
  title   = {ArtPlanner: Robust Legged Robot Navigation in the Field},
  year    = {2023}
}

@inproceedings{Wermelinger2016,
  author    = {Wermelinger, Martin and Fankhauser, Péter and Diethelm, Remo and Krüsi, Philipp Andreas and Siegwart, Roland and Hutter, Marco},
  booktitle = iros,
  doi       = {10.1109/IROS.2016.7759199},
  pages     = {1184--1189},
  title     = {{Navigation Planning for Legged Robots in Challenging Terrain}},
  year      = {2016}
}

@inproceedings{Whelan2015,
  author    = {Thomas Whelan and
               Stefan Leutenegger and
               Renato F. Salas{-}Moreno and
               Ben Glocker and
               Andrew J. Davison},
  booktitle = rss,
  doi       = {10.15607/RSS.2015.XI.001},
  title     = {ElasticFusion: Dense {SLAM} Without {A} Pose Graph},
  year      = {2015}
}

@incollection{Wieber2016,
  author    = {Pierre{-}Brice Wieber and
               Russ Tedrake and
               Scott Kuindersma},
  booktitle = {Springer Handbook of Robotics},
  doi       = {10.1007/978-3-319-32552-1_48},
  editor    = {Bruno Siciliano and
               Oussama Khatib},
  pages     = {1203--1234},
  publisher = {Springer},
  series    = {Springer Handbooks},
  title     = {Modeling and Control of Legged Robots},
  year      = {2016}
}

@inproceedings{Wijmans2023,
  author    = {Erik Wijmans and Manolis Savva and Irfan Essa and Stefan Lee and Ari S. Morcos and Dhruv Batra},
  booktitle = iclr,
  doi       = {10.48550/arXiv.2301.13261},
  title     = {{Emergence of Maps in the Memories of Blind Navigation Agents}},
  year      = {2023}
}

@inproceedings{Williams2016,
  author    = {Grady Williams and
               Paul Drews and
               Brian Goldfain and
               James M. Rehg and
               Evangelos A. Theodorou},
  booktitle = icra,
  doi       = {10.1109/ICRA.2016.7487277},
  pages     = {1433--1440},
  title     = {Aggressive driving with model predictive path integral control},
  year      = {2016}
}

@article{Wilson2021,
  author  = {Wilson, Cristina G. and Qian, Feifei and Jerolmack, Douglas J. and Roberts, Sonia and Ham, Jonathan and Koditschek, Daniel and Shipley, Thomas F.},
  doi     = {10.1186/s41235-021-00296-z},
  id      = {Wilson2021},
  isbn    = {2365-7464},
  journal = {Cognitive Research: Principles and Implications},
  number  = {1},
  pages   = {29},
  title   = {Spatially and temporally distributed data foraging decisions in disciplinary field science},
  volume  = {6},
  year    = {2021}
}


@article{Wisth2023,
  author  = {Wisth, David and Camurri, Marco and Fallon, Maurice},
  doi     = {10.1109/TRO.2022.3193788},
  journal = tro,
  number  = {1},
  pages   = {309-326},
  title   = {VILENS: Visual, Inertial, Lidar, and Leg Odometry for All-Terrain Legged Robots},
  volume  = {39},
  year    = {2023}
}

@inproceedings{Wooden2010,
  author    = {David Wooden and
               Matthew Malchano and
               Kevin Blankespoor and
               Andrew Howard and
               Alfred A. Rizzi and
               Marc H. Raibert},
  booktitle = icra,
  doi       = {10.1109/ROBOT.2010.5509226},
  pages     = {4736--4741},
  title     = {Autonomous navigation for BigDog},
  year      = {2010}
}

@techreport{Woodman2007,
  author      = {Woodman, Oliver J},
  institution = {Computer Laboratory, University of Cambridge},
  title       = {An introduction to inertial navigation},
  year        = {2007}
}

@article{Wulfmeier2017,
  author  = {Markus Wulfmeier and Dushyant Rao and Dominic Zeng Wang and Peter Ondruska and Ingmar Posner},
  doi     = {10.1177/0278364917722396},
  journal = ijrr,
  number  = {10},
  pages   = {1073-1087},
  title   = {Large-scale cost function learning for path planning using deep inverse reinforcement learning},
  volume  = {36},
  year    = {2017}
}

% X
@inproceedings{Xiong1997,
  author    = {Yalin Xiong and Turkowski, Kenneth},
  booktitle = cvpr,
  doi       = {10.1109/CVPR.1997.609326},
  number    = {},
  pages     = {237-243},
  title     = {Creating image-based VR using a self-calibrating fisheye lens},
  volume    = {},
  year      = {1997}
}

@article{Xu2021,
  author  = {Xu, Ming and Fischer, Tobias and S{\"u}nderhauf, Niko and Milford, Michael},
  doi     = {10.1109/lra.2021.3096745},
  journal = ral,
  number  = {4},
  pages   = {6985--6992},
  title   = {Probabilistic appearance-invariant topometric localization with new place awareness},
  volume  = {6},
  year    = {2021}
}


% Y
@inproceedings{Yang2021,
  author    = {Yang, Bowen and Wellhausen, Lorenz and Miki, Takahiro and Liu, Ming and Hutter, Marco},
  booktitle = icra,
  doi       = {10.1109/ICRA48506.2021.9561861},
  pages     = {9283 - 9289},
  title     = {{Real-time Optimal Navigation Planning Using Learned Motion Costs}},
  year      = {2021}
}

@inproceedings{Yang2022,
  author    = {Yuxiang Yang and
               Xiangyun Meng and
               Wenhao Yu and
               Tingnan Zhang and
               Jie Tan and
               Byron Boots},
  booktitle = corl,
  editor    = {Karen Liu and
               Dana Kulic and
               Jeffrey Ichnowski},
  pages     = {2205--2214},
  publisher = {{PMLR}},
  series    = {Proceedings of Machine Learning Research},
  title     = {Learning Semantics-Aware Locomotion Skills from Human Demonstration},
  volume    = {205},
  year      = {2022}
}

@inproceedings{Yang2023,
  author    = {Fan Yang and
               Chen Wang and
               C{\'{e}}sar Cadena and
               Marco Hutter},
  booktitle = rss,
  title     = {iPlanner: Imperative Path Planning},
  year      = {2023}
}

@article{Yoon2021,
  author  = {David J. Yoon and
             Haowei Zhang and
             Mona Gridseth and
             Hugues Thomas and
             Timothy D. Barfoot},
  doi     = {10.1109/LRA.2021.3060407},
  journal = ral,
  number  = {2},
  pages   = {2130--2138},
  title   = {Unsupervised Learning of Lidar Features for Use ina Probabilistic
             Trajectory Estimator},
  volume  = {6},
  year    = {2021}
}

% Z
@inproceedings{Zhang2014,
  author    = {Ji Zhang and
               Sanjiv Singh},
  booktitle = rss,
  doi       = {10.15607/RSS.2014.X.007},
  editor    = {Dieter Fox and
               Lydia E. Kavraki and
               Hanna Kurniawati},
  title     = {{LOAM:} Lidar Odometry and Mapping in Real-time},
  year      = {2014}
}

@inproceedings{Zhang2016,
  author    = {Ji Zhang and
               Michael Kaess and
               Sanjiv Singh},
  booktitle = icra,
  doi       = {10.1109/ICRA.2016.7487211},
  editor    = {Danica Kragic and
               Antonio Bicchi and
               Alessandro De Luca},
  pages     = {809--816},
  title     = {On degeneracy of optimization-based state estimation problems},
  year      = {2016}
}

@article{Zhang2016b,
  author  = {Wuming Zhang and
             Jianbo Qi and
             Peng Wan and
             Hongtao Wang and
             Donghui Xie and
             Xiaoyan Wang and
             Guangjian Yan},
  doi     = {10.3390/rs8060501},
  journal = {Remote. Sens.},
  number  = {6},
  pages   = {501},
  title   = {An Easy-to-Use Airborne LiDAR Data Filtering Method Based on Cloth
             Simulation},
  volume  = {8},
  year    = {2016}
}

@inproceedings{Zhang2018,
  author    = {Yanfu Zhang and
               Wenshan Wang and
               Rogerio Bonatti and
               Daniel Maturana and
               Sebastian A. Scherer},
  booktitle = corl,
  pages     = {894--905},
  publisher = {{PMLR}},
  series    = {Proceedings of Machine Learning Research},
  title     = {Integrating kinematics and environment context into deep inverse reinforcement
               learning for predicting off-road vehicle trajectories},
  volume    = {87},
  year      = {2018}
}

@inproceedings{Zhang2019,
  author    = {Zichao Zhang and
               Davide Scaramuzza},
  booktitle = icra,
  doi       = {10.1109/ICRA.2019.8793680},
  pages     = {5986--5992},
  title     = {Beyond Point Clouds: Fisher Information Field for Active Visual Localization},
  year      = {2019}
}

@article{Zhang2020,
  author   = {Zhang, Ji and Hu, Chen and Chadha, Rushat Gupta and Singh, Sanjiv},
  doi      = {doi.org/10.1002/rob.21952},
  journal  = jfr,
  keywords = {aerial robotics, obstacle avoidance, planning},
  number   = {8},
  pages    = {1300-1313},
  title    = {{Falco: Fast likelihood-based collision avoidance with extension to 
              human-guided navigation}},
  volume   = {37},
  year     = {2020}
}

@article{Zhou2022,
  author  = {Xin Zhou  and Xiangyong Wen  and Zhepei Wang  and Yuman Gao  and Haojia Li  and Qianhao Wang  and Tiankai Yang  and Haojian Lu  and Yanjun Cao  and Chao Xu  and Fei Gao },
  doi     = {10.1126/scirobotics.abm5954},
  journal = scirob,
  number  = {66},
  pages   = {eabm5954},
  title   = {Swarm of micro flying robots in the wild},
  volume  = {7},
  year    = {2022}
}


@article{Zhu1997,
  author     = {Zhu, Ciyou and Byrd, Richard H. and Lu, Peihuang and Nocedal, Jorge},
  doi        = {10.1145/279232.279236},
  issn       = {0098-3500, 1557-7295},
  journal    = {ACM Transactions on Mathematical Software},
  language   = {en},
  month      = dec,
  number     = {4},
  pages      = {550--560},
  shorttitle = {Algorithm 778},
  title      = {Algorithm 778: {L}-{BFGS}-{B}: {Fortran} subroutines for large-scale bound-constrained optimization},
  volume     = {23},
  year       = {1997}
}


@inproceedings{Ziebart2008,
  author    = {Brian D. Ziebart and
               Andrew L. Maas and
               J. Andrew Bagnell and
               Anind K. Dey},
  booktitle = aaai,
  pages     = {1433--1438},
  title     = {Maximum Entropy Inverse Reinforcement Learning},
  year      = {2008}
}

@article{Zucker2013,
  author  = {Matthew Zucker and
             Nathan D. Ratliff and
             Anca D. Dragan and
             Mihail Pivtoraiko and
             Matthew Klingensmith and
             Christopher M. Dellin and
             J. Andrew Bagnell and
             Siddhartha S. Srinivasa},
  doi     = {10.1177/0278364913488805},
  journal = ijrr,
  number  = {9-10},
  pages   = {1164--1193},
  title   = {{CHOMP:} Covariant Hamiltonian optimization for motion planning},
  volume  = {32},
  year    = {2013}
}

@article{Zurn2021,
  author  = {Jannik Z{\"{u}}rn and
             Wolfram Burgard and
             Abhinav Valada},
  doi     = {10.1109/TRO.2020.3031214},
  journal = tro,
  number  = {2},
  pages   = {466--481},
  title   = {Self-Supervised Visual Terrain Classification From Unsupervised Acoustic
             Feature Learning},
  volume  = {37},
  year    = {2021}
}

%%%%%%%%%%%%%%%%%%%%%%%%%%%%%%%%%%%%%%%%%%%%%%%%%%%%%%%%%%%%%%%%%%%%
